@Article{cisewski_03,
  author = 	{Cisewski, B. and G. Bud\'{e}us and G. Krause},
  title =	{Absolute transport estimates of total and individual water masses in the northern {G}reenland {S}ea derived from hydrographic and acoustic {D}oppler current profiler measurements},
  journal = 	{J. Geophys. Res.},
  volume =	{108},
  pages =	{3298},
  year =	{2003},
}

@Article{gammelsrod_09,
  author = 	{Gammelsr{\o}d, T. and {\O}. Leikvin and V. Lien and W. P. Budgell and H. Loeng and W. Maslowski},
  title =	{Mass and heat transports in the {NE} {B}arents {S}ea: Observations and models},
  journal = 	{J. Mar. Sys.}, 
  volume =	{75}, 
  pages =	{56-690}, 
  year =	{2009},
}

@Article{lien_13,
  author = 	{Lien, V. S. and A.G. Trofimov},
  title =	{Formation of {B}arents {S}ea Branch Water in the northeastern {B}arents {S}ea},
  journal = 	{Polar Res.},
  volume =	{32},
  year =	{2013},
  pages =	{18905},
}

@Article{orvik_01,
  author = 	{Orvik, K. A. and {\O}. Skagseth and M. Mork},
  title =	{Atlantic inflow to the {N}ordic {S}eas: current structure and volume fluxes from moored current meters, {VM-ADCP} and {S}ea{S}oar-{CTD} observations},
  journal = 	{Deep-Sea Res.}, 
  volume =	{48}, 
  pages =	{937-9570},
  year =	{2001},
}

@Article{orvik_skagseth_03,
  author = 	{Orvik, K. A. and {\O}. Skagseth},
  title =	{Monitoring the {N}orwegian {A}tlantic slope current using a single moored current meter},
  journal = 	{Cont. Shelf. Res.}, 
  volume =	{23}, 
  pages =	{159-176},
  year =	{2003},
}

@Article{schauer_04,
  author = 	{Schauer, U. and E. Fahrbach and S. {\O}sterhus and G. Rohardt},
  title =	{Arctic warming through the {F}ram {S}trait: {O}ceanic heat transport from 3 years of measurements},
  journal = 	{J. Geophys. Res.}, 
  volume =	{109}, 
  pages =	{C06026},
  year =	{2004},
}

@InProceedings{schauer_08,
  author = 	{Schauer, U. and A. Beszczynska-M\"{o}ller and W. Walczowski and E. Fahrbach and J. Piechura and E. Hansen},
  title =	{Variation of Measured Heat Flow Through the {F}ram {S}trait between 1997 and 2006},
  booktitle =	{Arctic Subarctic ocean fluxes: Defining the Role of the Northern Seas in Climate},
  year =	{2008},
  editor =	{Dickson, R., J. Meincke and P. Rhines},
  pages =	{65-86},
  publisher =	{Springer, New York},
}

@InProceedings{skagseth_etal_08,
  author = 	{Skagseth, {\O}. and T. Furevik and R. Ingvaldsen and H. Loeng and K. A. Mork and K. A. Orvik and V. Ozhigin},
  title =	{Volume and Heat Transports to the {A}rctic {O}cean via the {N}orwegian and {B}arents {S}eas},
  booktitle =	{Arctic Subarctic ocean fluxes: Defining the Role of the Northern Seas in Climate},
  year =	{2008},
  editor =	{Dickson, R., J. Meincke and P. Rhines},
  pages =	{45-64},
  publisher =	{Springer, New York},
}

@Article{smedsrud_etal_13,
  author =	{Smedsrud, L. H. and I. N. Esau and R. B. Ingvaldsen and T. Eldevik and P. M. Haugan and C. Li and V. S. Lien and A. Olsen and A. Omar and O. H. Otter{\aa} and B. Risebrobakken and A. B. Sand{\o} and V. Semenov and S.A. Sorokina},
  title =	{The role of the {B}arents {S}ea in the {A}rctic climate system},
  year =	{2013},
  journal =	{Rev. Geophys.}, 
  note =	{accepted},
}

@Article{woodgate_99,
  author = 	{Woodgate, R.A. and E. Fahrbach and G. Rohardt},
  title =	{Structure and transports of the {E}ast {G}reenland Current at 75$^o${N} from moored current meters},
  journal = 	{J. Geophys. Res.}, 
  volume =	{104}, 
  pages =	{18059-18072}, 
  year =	{1999},
}


%%%%%%%%%%%%%%%%%%%%%%%%%%%%%%%%% A %%%%%%%%%%%%%%%%%%%%%%%%%%%%%%%%%%%%%%%%
@TechReport{ander:etal:2012,
  author = 	 {Andersen, S. and L.-A. Breivik and S. Eastwood and et al.},
  title = 	 {{OSI SAF} {S}ea {I}ce {P}roduct {M}anual},
  institution =  {EUMETSAT OSI SAF - Ocean and Sea Ice Satellite Application Facility},
  year = 	 {2012},
  number = 	 {Tech. rep. SAF/OSI/met.no/TEC/MA/125},
}

@Manual{IOC:2010,
  author = 	{IOC and SCOR and IAPSO},
  title =	{The international thermodynamic equation of seawater - 2010: Calculation and
use of thermodynamic properties},
  organization ={Intergovernmental Oceanographic Commission},
  year = 	{2010},
  note =	{{M}anuals and Guides No. 56, UNESCO (English), 196 pp, [http://www.teos-10.org/pubs/TEOS-10\_Manual.pdf]},
}

@Book{ACIA:2004,
  author = 	 {ACIA},
  title = 	 {Impacts of a warming climate, {A}rctic {C}limate {I}mpact {A}ssessment},
  publisher = 	 {Cambridge University Press, Inc.},
  year = 	 {2004},
}

@Book{abram:stegu:1965,
  author = 	 {Abramowitz, M. and I. Stegun},
  title = 	 {{H}andbook of Mathematical Functions - ninth printing},
  publisher = 	 {Dover Publications, Inc.},
  year = 	 {1965},
}

@Article{adcoc:marsh:2000,
  author = 	 {Adcock, S. T. and D. P. Marshall},
  title = 	 {Interactions between geostrophic eddies and the mean circulation over large-scale bottom topography},
  journal = 	 {J. Phys. Oceanogr.},
  year = 	 {2000},
  volume = 	 {30},
  pages = 	 {3223-3238},
}

@Article{adame:obrie:1978,
  author = 	 {Adamec, D. and J. J. O'Brien},
  title = 	 {The seasonal upwelling in the {G}ulf of {G}uinea due to remote forcing},
  journal = 	 {J. Phys. Oceanogr.},
  year = 	 {1978},
  volume = 	 {8},
  pages = 	 {1050-1060},
}

@Article{albre:2007,
  author = 	 {Albretsen, J.},
  title = 	 {The impact of freshwater discharges on the ocean circulation in the {S}kagerrak/northern {N}orth {S}ea area. {P}art {II}: {E}nergy analysis},
  journal = 	 {Ocean Dynamics},
  year = 	 {2007},
  volume = 	 {57},
  pages = 	 {287-304},
  doi =          {10.1007/s10236-007-0121-6},
}

@InProceedings{albre:roed:2006,
 author =       {Albretsen, J. and L. P. R{\o}ed},
 title =        {Sensitivity of {S}kagerrak dynamics to freshwater discharges: insight from a numerical model},
 booktitle =    {European Operational Oceanography: Present and Future, Proceedings of the 4th International Conference o
n EuroGOOS, 6-9 June 2005, Brest, France},
 pages =        {773-779},
 year =         {2006},
 editor =       {H. Dahlin and N. C. Flemming and P. Marchand and S. E. Petersson},
 publisher =    {EuroGOOS Office, SMHI, and European Commission Research Directorate}
}

@Article{albre:roed:2010,
  author = 	 {Albretsen, J. and L. P. R{\o}ed},
  title = 	 {Decadal long simulations of mesoscale structures in the {N}orth {S}ea/{S}kagerrak using two ocean models},
  journal = 	 {Ocean Dynamics},
  year = 	 {2010},
  volume = 	 {60},
  pages = 	 {5-36},
  doi =          {10.1007/s10236-010-0296-0},
}

@TechReport{albre:etal:2011,
  author = 	 {Albretsen, J. and A. K. Sperrevik and A. Staalstr{\o}m and A. D. Sandvik and F. Vikeb{\o} and L. C. Asplin},
  title = 	 {NorKyst-800 {R}eport {N}o. 1: {U}ser manual and technical descriptions},
  institution =  {Institute of Marine Research, Pb. 1870 Nordnes, N-5817 Bergen, Norway},
  year = 	 {2011},
  number = 	 {Fisken og Havet 2/2011},
  pages =        {37pp},
}

@Article{aksne:etal:1995,
  author = 	 {Aksnes, D.L. and K. B. Ulvestad and B. Balino and J. Berntsen and J. Egge and E. Svendsen},
  title = 	 {Ecological modelling in coastal waters : {T}owards predictive physical-chemical-biological simulation models.},
  journal = 	 {Ophelia},
  year = 	 {1995},
  volume = 	 {41},
  pages = 	 {5-36},
}

@Article{araka:lamb:1977,
  author = 	 {Arakawa, A. and V. R. Lamb},
  title = 	 {Computational design of the basic dynamical process of the UCLA general circulation model}, 
  journal = 	 { Methods in Computational Physics},
  year = 	 {1977},
  volume = 	 {17},
  pages = 	 {173-265},
}

@Article{ardhu:etal:2005,
  author = 	 {Ardhuin, F. and A. D. Jenkins and D. Hauser and A. Reniers and B. Chapron},
  title = 	 {Waves and operational oceanography},
  journal = 	 {EOS Trans. Amer. Geophys. U.},
  year = 	 {2005},
  volume = 	 {86},
  pages = 	 {37-40},
}

@Article{assel:1972,
  author = 	 {Asselin, R. A.},
  title = 	 {Frequency filter for time integrations},
  journal = 	 {Mon. Weath. Rev.},
  year = 	 {1972},
  volume = 	 {100},
  pages = 	 {487-490},
}

@InProceedings{audun:etal:1981,
  author       = {Audunson, T. and V. Dalen and H. Krogstad and H. N. Lie and O. Steinbakke},
  title        = {Some observations of ocean fronts, waves and currents in the surface along the Norwegian coast from satellite images and drifting buoys},
  booktitle    = {The Norwegian Coastal Current. Proceedings from the Symposium on the Norwegian Coastal Current, Geilo 9-10 September 1980},
  year         = {1981},
  editor       = {R. Saetre and M. Mork},
  pages        = {20-57},
  publisher    = {University of Bergen, Norway},
}

%%%%%%%%%%%%%%%%%%%%%%%%%%%%%%%%% B %%%%%%%%%%%%%%%%%%%%%%%%%%%%%%%%%%%%%%%%
@Article{barth:1994,
  author = 	 {Barth, J. B. },
  title = 	 {Short-wavelength instabilities on coastal jets and fronts},
  journal = 	 {J. Geophys. Res.},
  year = 	 {1994},
  volume = 	 {99},
  pages = 	 {16,095-16115},
}

@Article{batte:etal:1992,
  author = 	 {Batteen, M. L. and C. N. Lopes da Costa and C. S. Nelson},
  title = 	 {A numerical study of wind stress curl effects on eddies and filaments off the northwest coast of the {I}berian {P}eninsula},
  journal = 	 {J. Mar. Sys.},
  year = 	 {1992},
  volume = 	 {3},
  pages = 	 {249-266},
}

@Article{beckm:haidv:1993,
  author =	{Beckmann, A. and D. B. Haidvogel},
  title =	{Numerical simulation of flow around a tall isolated seamount. {P}art {I}: {P}roblem formulation and model accuracy},
  journal =	{J. Phys. Oceanogr.},
  year =	{1993},
  volume =	{23},
  pages =	{1736-1753},
  doi =		{10.1175/1520-0485(1993)023<1736:NSOFAA>2.0.CO;2},
}

@Article{beckm:haidv:1997,
  author =	{Beckmann, A. and and D. B. Haidvogel},
  title =	{A numerical simulation of flow at Fieberling Guyot},
  journal =	{J. Geophys. Res.},
  year =	{1997},
  volume =	{102},
  pages =	{5595-5613},
}

@article{beldr:etal:2003,
  title =	{Estimation of parameters in a distributed precipitation-runoff model for Norway},
  author =	{Beldring, S. and K. Engeland and L. A. Roald and N. R. S{\ae}lthun and A. Voks{\o}},
  journal =	{Hydrology and Earth System Sciences Discussions},
  volume =	{7},
  number =	{3},
  pages =	{304--316},
  year =	{2003}
}

@Article{bergs:carls:1994,
  author = 	 {Bergstr{\o}m, S. and B. Carlsson},
  title = 	 {River runoff to the {B}altic {S}ea: 1950-1990},
  journal = 	 {Ambio}, 
  year = 	 {1994},
  volume = 	 {23},
  pages = 	 {280-287},
}

@Article{beren:1994,
  author = 	 {Berenger, J.-P.},
  title = 	 {A perfectly matched layer for the absorption of electromagnetic waves},
  journal = 	 {J. Comput. Phys.},
  year = 	 {1994},
  volume = 	 {126},
  pages =        {185-200},
}

@Article{bernt:etal:1996,
  author = 	 {Berntsen, J. and E. Svendsen and M. Ostrowski},
  title = 	 {Validation and sensitivity study of a sigma-coordinate ocean model using the {S}kagex dataset},
  journal = 	 {ICES},
  year = 	 {1996},
  volume = 	 {CM 1996/C:5},
}

@Article{bernt:thiem:2007,
  author =	{Berntsen, J. and {\O}. Thiem},
  title =	{Estimating the internal pressure gradient errors in a sigma-coordinate ocean model for the {N}ordic {S}eas},
  journal =	{Ocean Dynamics},
  year =	{2007},
  volume =	{57},
  pages =	{417-429},
  doi = 	{10.1007/s10236-007-0118-1}
}

@Article{bernt:svend:1999,
  author =	{Berntsen, J. and E. Svendsen},
  title =	{Using the {SKAGEX} dataset for evaluation of ocean model skills.},
  journal =	{J. Mar. Sys.},
  year =	{1999},
  volume =	{18},
  pages =	{313-331},
}

@TechReport{berti:etal:2004,
  author =	{Bertino, L. and K. A. Lis{\ae}ter and H. Sagen and F. Counillon and                   N. Winther and M. Stette and L. J. Natvik and G. Evensen and Y. Morel and J. M. Brankart F. and Birol and P. Brasseur and J. Verron and M. Schartau and J. Schroeter and I. Andreu Burillo and E. Dombrowsky and G. Larnicol and P. Schaeffer and G. Weller},
  title =        {{TOPAZ} Final Report},
  institution =  {Nansen Centre},
  year =         {2004},
  number =       {251},
  address =      {Bergen, Norway},
  month =        {January},
}

@Article{beszczynska_moller_11,
  author = 	{Beszczynska-M\"{o}ller, A. and R. A. Woodgate and C. Lee and H. Melling and M. K\"{a}rcher},
  title =	{A Synthesis of Exchanges Through the Main Oceanic Gateways to the {A}rctic {O}cean},
  journal = 	{Oceanography},
  volume =	{24},
  pages =	{82-99},
  year =	{2011},
}

@Article{berx:etal:2013,
  author =	{Berx, B. and B. Hansen and S. {\O}sterhus and K. M. Larsen and T. Sherwin and K. Jochumsen},
  title =	{Combining in situ measurements and altimetry to estimate volume, heat and salt transport variability through the {F}aroe-{S}hetland {C}hannel},
  journal =	{Ocean Sci.},
  year =	{2013},
  volume =	{9},
  pages =	{639-654},
}

@Book{bhatt:johns:1977,
  author = 	 {Bhattacharyya, G. K. and R. A. Johnson},
  title = 	 {Statistical concepts and methods},
  publisher = 	 {John Wiley \& Sons, Inc.},
  year = 	 {1977},
}

@Article{biast:etal:2008,
  author = 	 {Biastoch, A. and C.W. Böning and J.R.E. Lutjeharms},
  title = 	 {Agulhas leakage dynamics affects decadal variability in atlantic overturning circulation},
  journal = 	 {Nature},
  year = 	 {2008},
  volume = 	 {456},
  pages = 	 {489-492},
}

@TechReport{bidlo:etal:1997,
  author = 	 {Bidlot, J. and B. Hansen and P. Janssen},
  title = 	 {Modifications to the ECMWF WAM Code.},
  institution =  {ECMWF},
  year = 	 {1997},
  type = 	 {Technical Memorandum},
  number = 	 {32}, 
  note =         {{I}SSN 0332-9879},
}

@Article{bitz:lipsc:1999,
  author = 	 {Bitz, C. M. and W. H. Lipscomb },
  title = 	 {{A}n energy-conserving thermodynamic model of sea ice},
  journal = 	 {J. Geophys. Res.},
  year = 	 {1999},
  volume = 	 {104},
  number =       {C7},
  pages = 	 {15,669-15,677},
}

@Article{bjerk:1904,
  author = 	 {Bjerknes, V.},
  title = 	 {Das {P}roblem der {V}ettervorhersage, betrachtet vom {S}tandpunkte der {M}echanik und der {P}hysik},
  journal = 	 {Meteor. Zeitschr.},
  year = 	 {1904},
  volume = 	 {21},
  pages = 	 {1-7},
}

@TechReport{bjorg:etal:2000,
  author = 	 {Bj{\o}rge, D. and J. E. Haugen and T. E. Nordeng},
  title = 	 {Future climate in {N}orway},
  institution =  {{N}orwegian {M}eteorological {I}nstitute},
  year = 	 {2000},
  type = 	 {Research Report},
  number = 	 {103}, 
  pages = 	 {41},
  note =         {{I}SSN 0332-9879},
}

@Article{bjork:etal:2001,
  author = 	 {Bj{\"o}rk, G. and B. Gustafsson and S. Stigebrandt},
  title = 	 {Upper layer circulation of the {N}ordic {S}eas as inferred from the spatial distribution of heat and freshwater content and potential energy},
  journal = 	 {Polar Res.},
  year = 	 {2001},
  volume = 	 {20},
  number =       {2},
  pages = 	 {161-168},
}

@TechReport{bjorg:odega:2001,
  author =	{Bj{\o}rge, D. and V. {\O}degaard},
  title =	{Empirical orthogonal functions analysis applied to {MSLP} from regional simulations},
  institution =	{{N}orwegian {M}eteorological {I}nstitute},
  year = 	{2000},
  type = 	{Research Report},
  number =	{134}, 
  pages =	{ },
  note =	{{I}SSN 0332-9879},
}

@Article{blayo:debre:2005,
  author =	{Blayo, E. and L. Debreu},
  title =	{Revisiting open boundary conditions from the point of view of characterstics},
  journal =	{Ocean Modell.},
  year =	{2005},
  volume =	{9 (3)},
  pages =	{234-252},
  doi =		{10.1016/j.ocemod.2004.07.001},
}

@InCollection{blayo:debre:2006,
  author =	{Blayo, E. and L. Debreu},
  title =	{Nesting {O}cean {M}odels}, 
  booktitle =	{Ocean Weather Forecasting: An Integrated View of Oceanography},
  year =	{2006},
  editor =	{Chassignet, E.P. and J. Verron},
  publisher =	{Springer},
  pages =	{127-146},
  doi =		{10.1007/1-4020-4028-8\_5},
}

@Article{bleck:1973,
  author =	{Bleck, R.},
  title =	{Numerical forecasting experiments using based on conservation of potential vorticity on isentropic surfaces},
  journal =	{J. Appl. Meteor.},
  year =	{1973},
  volume =	{12},
  pages =	{737-752},
}

@Article{bleck:1985,
  author =	{Bleck, R. },
  title =	{On the conversion between mean and eddy components of potential and kinetic energy in isentropic and isopycnic coordinates},
  journal =	{Dyn. Atmos. Oceans},
  year =	{1985},
  volume =	{9},
  pages =	{17-37},
}

@Article{bleck:2002,
  author = 	 {Bleck, R. },
  title = 	 {An oceanic general circulation model framed in hybrid isopycnic-cartesian coordinates},
  journal = 	 {Ocean modelling},
  year = 	 {2002},
  volume = 	 {4},
  number =       {1},
  pages = 	 {55-88},
}

@Article{bleck:smith:1990,
  author = 	 {Bleck, R. and L. Smith},
  title = 	 {A wind-driven isopycnic coordinate model of the north and equatioral {A}tlantic {O}cean. 1. {M}odel development and supporting experiments.},
  journal = 	 {J. Geophys. Res.},
  year = 	 {1990},
  volume = 	 {95C},
  pages = 	 {3273-3285},
}

@Article{bleck:etal:1992,
  author = 	 {Bleck, R. and C. Rooth and D. Hu and L. T. Smith},
  title = 	 {Salinity-driven thermohaline transients in a wind- and thermohaline-forced isopycnic coordinate model of the {N}orth {A}tlantic},
  journal = 	 {J. Phys. Oceanogr.},
  year = 	 {1992},
  volume = 	 {22},
  pages = 	 {1486-1515},
}

@Article{blindheim_89,
  author = 	 {Blindheim, J.},
  title = 	 {Cascading of {B}arents {S}ea bottom water into the {N}orwegian {S}ea},
  journal = 	 {Rapp. P.-V. Reun. Cons. Int. Explor. Mer},
  year = 	 {1989},
  volume = 	 {188},
  pages = 	 {49-58},
}

@Article{block:etal:2013,
  author =	{Blockley, E. W. and M. J. Martin and A. J. McLaren and A. G. Ryan and J. Waters and D. J. Lea and I. Mirouze and K. A. Peterson and A. Sellar and D. Storkey, D},
  title =	{Recent development of the {M}et {O}ffice operational ocean forecasting system: An overview and assessment of the new {G}lobal {FOAM} forecasts}, 
  journal=	{Geosci. Model Dev. Discuss},
  volume =	{6},
  pages =	{6219-6278},
  doi =		{10.5194/gmdd-6-6219-2013},
  year =	{2013},
}

@InCollection{blumb:mello:1987,
  author = 	 {Blumberg, A.F. and G.L. Mellor},
  title = 	 {A description of a three-dimensional coastal ocean circulation model.}, 
  booktitle = 	 {Three-dimensional {C}oastal {O}cean {M}odels},
  publisher = {American Geophys. Union},
  year = 	 {1987},
  editor = 	 {N. Heaps.},
  volume = 	 {4},
  series = 	 {Coastal and {E}stuarine {S}ciences},
  pages = 	 {1-16},
}

@Article{blume:1972,
  author = 	 {Blumen, W.},
  title = 	 {Geostrophic adjustment},
  journal = 	 {Rev. Geophys. Space Phys.},
  year = 	 {1972},
  volume = 	 {10},
  pages = 	 {485-528},
}

@Article{boss:etal:1996,
  author = 	 {Boss, E. and N. Paldor and L. Thompson},
  title = 	 {Stability of a potential vorticity front: From quasi-geostrophy to shallow water},
  journal = 	 {J. Fluid Mech.},
  year = 	 {1996},
  volume = 	 {315},
  pages = 	 {65-84},
}

@Unpublished{boye:etal:2009,
  author =       {Boyer, T. P. and J. I. Antonov and O. K. Baranova and H. E. Garcia and D. R. Johnson and R. A. Locarnini and A. V. Mishonov and T. D. OBrien and D. Seidov and I. V. Smolyar and M. M. Zweng},
  title =        {World Ocean Database 2009},
  year =         {2009},
  editor =       {S. Levitus}, 
  pages =        {216},
  note =         {NOAA Atlas NESDIS 66 - U.S. Gov. Printing Office - Wash. - D.C. - 216 pp., DVDs},
} 

@Article{brink:cowle:1991,
  author = 	 {Brink, K. and T. J. Cowles },
  title = 	 {The coastal transition zone program},
  journal = 	 {J. Geophys. Res.},
  year = 	 {1991},
  volume = 	 {96},
  pages = 	 {14,637-14,647},
}

@Article{brown:kreis:1982,
  author = 	 {Browning, G.L. and H.-O. Kreiss },
  title = 	 {Initializing of the shallow water equations with the open boundaries by the bounded derivative method},
  journal = 	 {Tellus},
  year = 	 {1982},
  volume = 	 {34},
  pages = 	 {334-351},
}

@Article{brown:kreis:1986,
  author = 	 {Browning, G.L. and H.-O. Kreiss },
  title = 	 {Scaling and computation of smooth atmospheric motions},
  journal = 	 {Tellus},
  year = 	 {1986},
  volume = 	 {38},
  pages = 	 {295-313},
}

@Article{buckl:etal:1979,
  author = 	 {Buckley, J. R. and T. Gammelsr{\o}d and J. A. Johannessen and O. M. Johannessen and L. P. R{\o}ed},
  title = 	 {Upwelling: {O}ceanic structure at the edge of the {A}rctic ice pack in winter},
  journal = 	 {Science},
  year = 	 {1979},
  volume = 	 {203},
  pages = 	 {165-167},
}

@Article{budge:2005,
  author = 	 {Budgell, W. P. },
  title = 	 {Numerical simulation of ice-ocean variability in the {B}arents {S}ea region. {T}owards dynamical downscaling},
  journal = 	 {Ocean Dynamics},
  year = 	 {2005},
  volume = 	 {55},
  pages = 	 {370-387},
  doi =          {10.1007/s10236-005-0008-3},
}

@Article{busal:obrie:1980,
  author = 	 {Busallacchi, A. J. and J. J. O'Brien},
  title = 	 {The seasonal variability in a model of the tropical {P}acific},
  journal = 	 {J. Phys. Oceanogr.},
  year = 	 {1980},
  volume = 	 {10},
  pages = 	 {1929-1951},
}
@Article{busal:obrie:1981,
  author = 	 {Busallacchi, A. J. and J. J. O'Brien},
  title = 	 {Interannual variability of the equatorial Pacific in the 1960's},
  journal = 	 {J. Geophys. Res.},
  year = 	 {1981},
  volume = 	 {86},
  pages = 	 {10901-10907},
}
@Article{bonin:budic:1992,
  author = 	 {B{\"o}ning, C. W. and R. G. Budich},
  title = 	 {Eddy dynamics in a primitive equation model: Sensitivity to horizontal resolution and friction},
  journal = 	 {J. Phys. Oceanogr.},
  year = 	 {1992},
  volume = 	 {22},
  pages = 	 {361-380},
}

%%%%%%%%%%%%%%%%%%%%%%%%%%%%%%%%% C %%%%%%%%%%%%%%%%%%%%%%%%%%%%%%%%%%%%%%%%
@Article{campb:1965,
  author =	{Campbell, W. J.}, 
  title =	{Wind-driven circulation of ice and water in a polar ocean},
  journal =	{J. Geophys. Res.}, 
  year =	{1965},
  volume =	{70},
  pages =	{3279-3303},
}

@Article{carte:1989,
  author = 	 {Carter, E. F.},
  title = 	 {Assimilation of Lagrangian data into a numerical model},
  journal = 	 {Dyn. Atmos. Oceans},
  year = 	 {1989},
  volume = 	 {13},
  pages = 	 {335-348},
}

@Article{charn:1955,
  author = 	 {Charnock, H.},
  title = 	 {Wind stress on a water surface},
  journal = 	 {Quart. J. Roy. Meteor. Soc.},
  year = 	 {1955},
  volume = 	 {81},
  pages = 	 {639-640},
}

@Article{charne:1955,
  author = 	 {Charney, J. G.},
  title = 	 {The generation of ocean currents by wind},
  journal = 	 {J. Mar. Res.},
  year = 	 {1955},
  volume = 	 {14},
  pages = 	 {477-498},
}

@Article{chapm:1985,
  author = 	 {Chapman, D. C.},
  title = 	 {Numerical treatment of cross-shelf open boundaries in a barotropic coastal ocean model},
  journal = 	 {J. Phys. Oceanogr.},
  year = 	 {1985},
  volume = 	 {15},
  pages = 	 {1060-1075},
}

@Article{charn:stern:1962,
  author = 	 {Charney, J. G. and M. E. Stern},
  title = 	 {On the stability of internal baroclinic jets in a rotating atmosphere},
  journal = 	 {J. Atmos. Sci.},
  year = 	 {1962},
  volume = 	 {19},
  pages = 	 {159-172},
}

@Article{charn:etal:1950,
  author = 	 {Charney, J. G. and R. Fj{\o}rtoft and J. von Neumann},
  title = 	 {Numerical integration of the barotropic vorticity equation},
  journal = 	 {Tellus},
  year = 	 {1950},
  volume = 	 {2},
  pages = 	 {237-254},
}

@Article{charn:phill:1953,
  author = 	 {Charney, J. G. and N. A. Phillips},
  title = 	 {Numerical integration of the quasi-geostrophic equations for barotropic and simple baroclinic flows},
  journal = 	 {J. Meteor.},
  year = 	 {1953},
  volume = 	 {10},
  pages = 	 {71-99},
}

@Article{chass:etal:1996,
  author = 	 {Chassignet, E.P. and L. T. Smith and R. Bleck and F. O. Bryan},
  title = 	 {A model comparison: numerical simulations of the north and equatorial Atlantic Ocean circulation in depth and isopycnic coordinates},  
  journal = 	 {J. Phys. Oceanogr.},
  year = 	 {1996},
  volume = 	 {26},
  pages = 	 {1849-1867},
}

@Article{chass:etal:2000,
  author = 	 {Chassignet, E.P. and H.G. Arango and D. Dietrich and T. Ezer and M. Ghil and D.B. Haidvogel and C.-C. Ma and A. Mehra and A.M. Paiva and Z. Sirkes},
  title = 	 {{DAM{\'E}E-NAB}: The Base Experiments},  
  journal = 	 {Dyn. Atmos. Oceans},
  year = 	 {2000},
  volume = 	 {32},
  pages = 	 {155-183},
}

@Article{chass:etal:2003,
  author = 	 {Chassignet, E.P. and L.T. Smith and G.R. Halliwell and R. Bleck},
  title = 	 {North {A}tlantic simulation with the {HY}brid {C}oordinate {O}cean {M}odel ({HYCOM}): {I}mpact of the vertical coordinate choice, reference density, and thermobaricity},  
  journal = 	 {J. Phys. Oceanogr.},
  year = 	 {2003},
  volume = 	 {33},
  pages = 	 {2504-2526},
}

@InCollection{chass:etal:2005,
  author = 	 {Chassignet, E.P. and H.E. Hurlburt and O.M. Smedstad and C.N. Barron and D.S. Ko and R.C. Rhodes and J.F. Shriver and A.J. Wallcraft and R.A. Arnone},
  title = 	 {Assessment of ocean prediction systems in the {G}ulf of {M}exico using ocean color}, 
  booktitle = 	 {Circulation in the {G}ulf of {M}exico: {O}bservations and models},
  year = 	 {2005},
  editor =       { W. Sturges and A. Lugo-Fernadez},
  publisher = 	 {AGU Monograph Series},
  volume =       {161},
  pages = 	 {87-100},
}

@InCollection{chass:etal:2006,
  author = 	 {Chassignet, E.P. and H.E. Hurlburt and O.M. Smedstad and G.R. Halliwell and P.J. Hogan and A.J. Wallcraft and R. Bleck},
  title = 	 {Ocean prediction with the {H}ybrid {C}oordinate {O}cean {M}odel ({HYCOM})}, 
  booktitle = 	 {Ocean Weather Forecasting: An Integrated View of Oceanography},
  year = 	 {2006},
  editor =       {Chassignet, E.P. and J. Verron},
  publisher = 	 {Springer},
  pages = 	 {413-426},
  doi =          {10.1007_/1-4020-4028-8_5},
}

@TechReport{chris:etal:1996,
  author = 	 {Christensen, J H and O B Christensen and P Lopez and E van Meijgaard and M Botzet},
  title = 	 {The {HIRHAM4} {R}egional {A}tmospheric {C}limate {M}odel},
  institution =  {Danish Meteorological Institute},
  year = 	 {1996},
  number = 	 {96-4},
}

@Article{chris:etal:1997,
  author = 	 {Christensen, J H and B Machenhauer and R G Jones and C Schär and P Ruti and M. Castro and G Visconti},
  title = 	 {Validation of present-day regional climate simulations over {E}urope: {LAM} simulations with observed boundary conditions}, 
  journal = 	 {Clim Dyn},
  year = 	 {1997},
  volume = 	 {13},
  pages = 	 {489-506},
}

@Article{chris:chris:1998,
  author = 	 {Christensen, O B and J H Christensen},
  title = 	 {Very high-resolution climate simulation over {S}candinavia. {P}resent climate}, 
  journal = 	 {J Climate},
  year = 	 {1998},
  volume = 	 {11},
  number =       {12},
  pages = 	 {3204-3229},
}

@Article{clanc:1981,
  author = 	 {Clancy, R. M.},
  title = 	 {On wind-driven quasi-geostrophic water movement at fast ice edges}, 
  journal = 	 {Mon. Weath. Rev.},
  year = 	 {1981},
  volume = 	 {109},
  pages = 	 {1807-1809},
}

@Article{clark:1978,
  author = 	 {Clarke, A. J.},
  title = 	 {On wind-driven quasi-geostrophic water movement at fast ice edges}, 
  journal = 	 {Deep Sea Res.},
  year = 	 {1978},
  volume = 	 {25},
  pages = 	 {41-51},
}

@Article{coope:thomp:1989,
  author = 	 {Cooper, C. and J. D. Thompson},
  title = 	 {Hurricane generated currents on the outer continental shelf},
  journal = 	 {J. Geoph. Res.},
  year = 	 {1989},
  volume = 	 {94},
  pages = 	 {12,513-12,539},
}

@Article{cox:1984,
  author = 	 {Cox, M.D. and K. Bryan },
  title = 	 {A numerical model of the ventilated thermocline.},
  journal = 	 {J. Phys. Oceanogr. },
  year = 	 {1984},
  volume = 	 {14},
  pages = 	 {674-687},
}

@Article{curry:mauri:2005,
  author = 	 {Curry, R. and C. Mauritzen},
  title = 	 {Dilution of the northern {N}orth {A}tlantic {Ocean} in recent decades},
  journal = 	 {Science},
  year =         {2005},
  volume =       {308},
  number =       {5729},
  pages =        {1772-1774},
}

@Article{curry:mccar:2001,
  author = 	 {Curry, R. and M. S. McCartney},
  title = 	 {Ocean gyre circulation changes associated with the {N}orth {A}tlantic {O}scillation},
  journal = 	 {J. Phys. Oceanogr.},
  year =         {2001},
  volume =       {31},
  number =       {12},
  pages =        {3374-3400},
}

@Article{curry:etal:1996,
  author = 	 {Curry, J. A. and W. B. Rossow and D. Randall and J. L. Schramm },
  title = 	 {Overview of {A}rctic cloud and radiation characteristics},
  journal = 	 {J. Climate },
  year = 	 {1996},
  volume = 	 {9},
  number =       {8},
  pages = 	 {1731-1764},
}

@Article{curry:etal:2001,
  author = 	 {Curry, J. and J. Schramm and D. Perovich and J. Pinto},
  title = 	 {Applications of SHEBA/FIRE data to evaluation of snow/ice albedo parameterizations},
  journal = 	 {J. Geophys. Res.},
  year = 	 {2001},
  volume = 	 {106},
  number =       {D14},
  pages = 	 {15345-15355},
}

@Article{cushm:1984,
  author = 	 {Cushman-Roisin, B.},
  title = 	 {Analytic, linear stability criteria for the leap-frog, Dufort-Frankel method},
  journal = 	 {J. Comp. Phys.},
  year = 	 {1984},
  volume = 	 {53},
  pages = 	 {227-239},
}

@Book{cushm:1994,
  author = 	 {Cushman-Roisin, B.},
  title = 	 {Introduction to {G}eophysical {F}luid {D}ynamics},
  publisher = 	 {Prentice Hall},
  year = 	 {1994},
  pages = 	 {320},
}

@Article{cushm:obrie:1983,
  author = 	 {Cushman-Roisin, B. and J.J. O'Brien},
  title = 	 {The influence of bottom topography on baroclinic transports},
  journal = 	 {J. Phys. Oceanogr.},
  year = 	 {1983},
  volume = 	 {1600-1611},
  pages = 	 {227-239},
}

%%%%%%%%%%%%%%%%%%%%%%%%%%%%%%%%% D %%%%%%%%%%%%%%%%%%%%%%%%%%%%%%%%%%%%%%%%
@InProceedings{danie:etal:1991,
  author = 	 {Danielsen, D. S. and L. Davidson and L. Edler and E. Fogelqvist and S. Fonselius and L. F{\o}yn and L. Hernroth and B. Håkansson and I. Olsson and E. Svendsen},
  title = 	 {{SKAGEX}: some preliminary results},
  booktitle = 	 {ICES {S}tatuary meeting, C.{M}./C:2},
  year = 	 {1991},
}

@Article{danie:etal:1997,
  author = 	 {Danielsen, D. S. and L. Edler and S. Fonselius and L. Hernroth and M. Ostrowski and E. Svendsen },
  title = 	 {Oceanographic variability in {S}kagerrak/northern {K}attegat, {M}ay-{J}une 1990},
  journal = 	 {ICES J. Mar. Sci.},
  year = 	 {1997},
  volume = 	 {55},
  pages = 	 {753-773},
}

@Article{davie:1976,
  author = 	 {Davies, H. C.},
  title = 	 {A lateral boundary formulation for multilevel prediction models},
  journal = 	 {Quart. J. Roy. Meteor. Soc.},
  year = 	 {1976},
  volume = 	 {102},
  pages = 	 {405-418},
}

@Article{davie:1985,
  author = 	 {Davies, H. C.},
  title = 	 {Limitation of some common lateral boundary schemes used in regional {NWP} models},
  journal = 	 {Mon. Weath. Rev.},
  year = 	 {1985},
  volume = 	 {111},
  pages = 	 {1002-1012},
}

@Article{deacu:myers:2005,
  author = 	 {Deacu, D. and P. G. Myers},
  title = 	 {Effect of a variable eddy transfer coefficient in eddy-permitting model of the subpolar {N}orth {A}tlantic {O}cean},
  journal = 	 {J. Phys. Oceanogr.},
  year = 	 {2005},
  volume = 	 {35},
  pages = 	 {289-307},
}

@TechReport{deber:koltz:2005,
  author = 	 {Debernard, J. and M. {\O}. K{\o}ltzow},
  title = 	 {Technical documentation of the {O}slo {R}egional {C}limate {M}odel, {V}ersion 1.0},
  type =         {Reg{C}lim {P}hase {III} - {G}eneral {T}echnical {R}eport {S}eries No.},
  institution =  {Norwegian Meteorological Institute, P.O. Box 43 Blindern, 0313 Oslo, Norway},
  year = 	 {2005},
  number = 	 {8},
  pages =        {51-68},
}

@TechReport{deber:roed:2002,
  author = 	 {Debernard, J. and L. P. R{\o}ed},
  title = 	 {Implementation of rivers in met.no's {MICOM}-version by surface fluxes},
  institution =  {RegClim General Technical Report},
  year = 	 {2002},
  number = 	 {6},
  pages =        {115-118},
  note =         {[Available from Norwegian Institute for Air Research, POBox 100, N-2027 Kjeller, Norway]},
}

@TechReport{deber:saetr:2002,
  author = 	 {Debernard, J. and {\O}. S{\ae}tra},
  title = 	 {Future wave and storm surge climate
in {N}orwegian waters},
  institution =  {DNMI Research Report Series},
  year = 	 {2002},
  number = 	 {130},
  pages =        {30s.},
  note =         {[Available from Norwegian Meteorological Institute, P O Box 43, 0313 Oslo, Norway]},
}

@Article{deber:etal:2002,
  author = 	 {Debernard, J. and {\O}. S{\ae}tra and L. P. R{\o}ed},
  title = 	 {Future wind, wave and storm surge climate in the northern {N}orth {A}tlantic},
  journal = 	 {Climate Res.},
  year = 	 {2002},
  volume = 	 {23},
  pages = 	 {39-49},
}

@Article{deber:roed:2008,
  author = 	 {Debernard, J. and L. P. R{\o}ed},
  title = 	 {Future wind, wave and storm surge climate in the northern {S}eas: a revisit},
  journal = 	 {Tellus},
  year = 	 {2008},
  volume = 	 {60A},
  pages = 	 {427-438},
}

@Article{debre:blayo:2008,
  author =	{Debreu, L. and E. Blayo},
  title =	{Two-way embedding algorithms: a review},
  journal =	{Ocean Dynamics},
  year =	{2008},
  volume =	{58},
  pages =	{415-428},
  DOI=		{10.1007/s10236-008-0150-9},
}

@Article{debre:etal:2008,
  author =	{Debreu, L. and C. Vouland and E. Blayo},
  title =	{AGRIF: Adaptive Grid Refinement In Fortran},
  journal =	{Comput. Geosci.},
  year = 	 {2008},
  volume = 	 {34},
  pages = 	 {8-13},
}

@Article{debre:etal:2012,
  author =	{Debreu, L. and P. Marchesiello and P. Penven and G. Cambon},
  title =	{Two-way mesting in split-explicit ocean models: {A}lgorithms, implementation and validation},
  journal =	{Ocean Modeling},
  year = 	 {2012},
  volume = 	 {49-50},
  pages = 	 {1-21},
}

@InCollection{Dee:1995,
  author = 	 {Dee, D. P.},
  title = 	 {A pragmatic approach to model validation},
  booktitle =    {Quantitative Skill Assessment for Coastal Ocean Models},
  year =         {1995},
  editor = 	 {D.R. Lynch and A.M. Davies},
  volume =       {47},
  series =       {Coastal and Estuarine Studies},
  pages =        {1-13},
  publisher =    {American Geophysical Union},
}

@article {dee:etal:2011,
author =         {Dee, D. P. and S. M. Uppala and A. J. Simmons and P. Berrisford and P. Poli and S. Kobayashi and U. Andrae and M. A. Balmaseda and G. Balsamo and P. Bauer and P. Bechtold and A. C. M. Beljaars and L. van de Berg and J.-R. Bidlot and N. Bormann and C. Delsol and R. Dragani and M. Fuentes and A. J. Geer and L. Haimberger and S. B. Healy and H. Hersbach and E. V. H{\'o}lm and L. Isaksen and P. K{\aa}llberg and M. K{\"o}hler and M. Matricardi and A. P. McNally and B. M. Monge-Sanz and J.-J. Morcrette and B.-K. Park and C. Peubey and P. de Rosnay and C. Tavolato and J.-N. Th{\'e}aut and F. Vitart},
title =          {The ERA-Interim reanalysis: configuration and performance of the data assimilation system},
journal =        {Quarterly Journal of the Royal Meteorological Society},
volume =         {137},
number =         {656},
publisher =      {John Wiley & Sons, Ltd.},
issn =           {1477-870X},
url =            {http://dx.doi.org/10.1002/qj.828},
doi =            {10.1002/qj.828},
pages =          {553-597},
keywords =       {ERA-40, 4D-Var, hydrological cycle, stratospheric circulation, observations, forecast model},
year =           {2011},
}

@Article{denis:etal:2002,
  author = 	 {Denis, B. and R. Laprise and D. Caya and J. Cot{\'e}},
  title = 	 {Downscaling ability of one-way nested regional climate models: the big brother experiments},
  journal = 	 {Climate Dyn.},
  year = 	 {2002},
  volume = 	 {18},
  pages = 	 {627-646},
}

@Article{dethl:etal:2006,
  author =	{Dethloff, K. and A. Rinke and A. Benkel and M. Ødegaard Køltzow and E. Sokolova and S. Kuma Saha and D. Handorf and W. Dorn and B. Rockel and H. von Storch and J. E. Haugen and L. P. R{\o}ed and E. Roeckner and J. H. Christensen and M. Stendel},
  title =	{A dynamical link between the {A}rctic and the global climate system},
  journal = {Geophys. Res. Lett.},
  year =	{2006},
  volume =	{33},
  eid =		{L03703},
  doi =		{1029/2005GL025245},
}

@Article{dilor:etal:2006,
  author = 	 {Di Lorenzo, E. and W. Young and S. Smith},
  title = 	 {Numerical and analytical estimates of {M}$_2$ tidal conversion at steep oceanic ridges},
  journal = 	 {J. Phys. Oceanogr.},
  year = 	 {2006},
  volume = 	 {36},
  pages = 	 {1072-1084},
}

@Article{dorn:etal:2007,
  author = 	 {Dorn, W. and K. Dethloff and A. Rinke and S. Frickenhaus and R. Gerdes and M. Karcher and F. Kauker},
  title = 	 {Sensitivities and uncertainties in a coupled regional atmosphere-ocean-ice model with respect to the simulation of Arctic sea ice},
  journal = 	 {J. Geophys. Res.},
  year = 	 {2007},
  volume = 	 {112},
  eid =          {D10118},
  doi = 	 {10.1029/2005GL025245},
}

@Article{drang:etal:2007,
  author = 	 {Drange, H. and B. Marzeion and A. Nesje and A. Sorteberg},
  title = 	 {Opptil en meter havstigning langs Norskekysten innen år 2001},
  journal = 	 {Cicerone},
  year = 	 {2007},
  volume = 	 {2},
  pages =        {29-31},
}

@TechReport{drang:simon:1996,
  author = 	 {Drange, H. and K. Simonsen },
  title = 	 {Formulation of air-sea fluxes in the {ESOP2} version of {MICOM}},
  institution =  {{NERSC}},
  year = 	 {1996},
  number = 	 {125}, 
  note =  {[{A}vailable from {N}ansen {E}nvironmental and {R}emote {S}ensing {C}enter, {E}dv. {G}riegsvei 3A, {N}-5037 {B}ergen, {N}orway]},
}

@Article{dursk:allen:2005,
  author = 	 {Durski, S. M. and J. S. Allen},
  title = 	 {Finite-amplitude evolution of instabilities associated with coastal upwelling fronts},
  journal = 	 {J. Phys. Oceanogr.},
  year = 	 {2005},
  volume = 	 {35},
  pages = 	 {1606-1628},
}


%%%%%%%%%%%%%%%%%%%%%%%%%%%%%%%%% E %%%%%%%%%%%%%%%%%%%%%%%%%%%%%%%%%%%%%%%%
@TechReport{eastw:etal:2011,
  author = 	 {Eastwood, S. and K. R. Larsen and T. Lavergne and E. Nielsen and R. Tonboe},
  title = 	 {{OSI SAF} {G}lobal {S}ea {I}ce {C}oncentration {R}eprocessing {U}ser {M}anual},
  institution =  {EUMETSAT OSI SAF - Ocean and Sea Ice Satellite Application Facility},
  year = 	 {2011},
  number = 	 {Tech. rep. SAF/OSI/met.no/TEC/MA/138},
}

@Article{ebert:curry:1993,
  author = 	 {Ebert, E. E. and J. A. Curry },
  title = 	 {An intermediate one-dimensional thermodynamic sea ice model for investigating ice-atmosphere interactions },
  journal = 	 {J. Geophys. Res.},
  year = 	 {1993},
  volume = 	 {98},
  number =       {C6},
  pages = 	 {10,085-10,109},
}

@article {edwar:2011,
  author = 	{Edwards, Paul N.},
  title = 	{History of climate modeling},
  journal = 	{Wiley Interdisciplinary Reviews: Climate Change},
  volume = 	{2},
  number = 	{1},
  publisher = 	{John Wiley & Sons, Inc.},
  pages = 	{128-139},
  year = 	{2011},
  issn = 	{1757-7799},
  url = 	{http://dx.doi.org/10.1002/wcc.95},
  doi = 	{10.1002/wcc.95},
}

@Article{egber:etal:1994,
  author = 	 {Egbert, G. D. and A. F. Bennett and M. G. G. Foreman},
  title = 	 {{TOPEX}/{POSEIDON} tides estimated using a global inverse model},
  journal = 	 {J. Geophys. Res.},
  year = 	 {1994},
  volume = 	 {99(C12)},
  pages = 	 {24,821-24,852},
  doi =          {10.1029/94JC01894},
}

@article{egber:erofe:2002,
  author =       {Egbert, G. D. and S. Y. Erofeeva},
  title =        {Efficient Inverse Modeling of Barotropic Ocean Tides},
  journal =      {J. Atmos. Oceanic Tech.},
  volume =       {19},
  number =       {2},
  pages =        {183-204},
  year =         {2002},
  doi =          {10.1175/1520-0426(2002)019<0183:EIMOBO>2.0.CO;2},
}


@Article{eldev:dysth:2002,
  author = 	 {Eldevik, T. and K. B. Dysthe },
  title = 	 {Spiral eddies},
  journal = 	 {J. Phys. Oceanogr.},
  year = 	 {2002},
  volume = 	 {32},
  pages = 	 {851-869},
}

@Misc{eldev:etal:2014,
  author =	{Eldevik, T. and M. Reigstad and E. Falck and S. Gerland and S. Jentoft and G. Johnsen and U. Lindstrøm and T.L. Rasmussen and L.P. Røed and P.F. Wassmann},
  title = 	{Arven etter {N}ansen. {F}orskningsplan for det sentrale og nordlige {B}arentshavet},
  institution =	{Ui{T} {N}orges arktiske universitet},
  year =	{2014},
  pages =	{48},
}

@Article{elias:1949,
  author = 	 {Eliassen, A.},
  title = 	 {The quasi-static equations of motion with pressure as independent variable},
  journal = 	 {Geof. publ.},
  year = 	 {1949},
  volume = 	 {17},
  number =       {3},
  pages = 	 {44 pp.},
}

@Article{elias:raust:1968,
  author = 	 {Eliassen, A. and E. Raustein},
  title = 	 {A numerical integration experiment with a model atmosphere based on isentropic coordinates},
  journal = 	 {Meteor. Ann.},
  year = 	 {1968},
  volume = 	 {5},
  pages = 	 {45-63},
}

@Article{elias:raust:1970,
  author = 	 {Eliassen, A. and E. Raustein},
  title = 	 {A numerical integration experiment with a six-level atmospheric model with isentropic information surface},
  journal = 	 {Meteor. Ann.},
  year = 	 {1970},
  volume = 	 {5},
  pages = 	 {429-449},
}

@Article{enged:1992,
  author = 	 {Engedahl, H.},
  title = 	 {Some experiments with explicit finite-difference schemes in a linear barotropic ocean model},
  journal = 	 {Cont. Shelf Res.},
  year = 	 {1992},
  volume = 	 {12},
  pages = 	 {1059-1073},
}

@Article{enged:1995a,
  author = 	 {Engedahl, H.},
  title = 	 {Use of the flow relaxation scheme in a three-dimensional baroclinic ocean model with realistic topography},
  journal = 	 {Tellus},
  year = 	 {1995a},
  volume = 	 {47A},
  pages = 	 {365-382},
}

@TechReport{enged:1995b,
  author = 	 {Engedahl, H. },
  title = 	 {Implementation of the {P}rinceton {O}cean {M}odel ({POM/ECOM}-3{D}) at the {N}orwegian {M}eteorological {I}nstitute {(DNMI)}.},
  institution =  {Norwegian Meteorological Institute},
  year = 	 {1995b},
  type = 	 {Research Report},
  number = 	 {5},
}

@TechReport{enged:roed:1999,
  author = 	 {Engedahl, H and L. P. Røed},
  title = 	 {Forecasting ocean currents in deep water areas: {T}he {O}rmen {L}ange case (1997)},
  institution =  {Norwegian {M}eteorological {I}nstitute},
  year = 	 {1999},
  type = 	 {Research Report},
  number = 	 {80},
  pages = 	 {95},
  address = 	 {Box 43 Blindern, N-0313 Oslo, Norway},
  key  = 	 {ISSN 0332-9879},
}

@TechReport{enged:etal:1995,
  author = 	 {Engedahl, H. and B. {\AA}dlandsvik and E. A. Martinsen},
  title = 	 {Production of monthly mean climatological archives of salinity, temperature, current and sea level for the {N}ordic {S}eas. MetOcean Modeling Project}, 
  institution =  {Norwegian {M}eteorological {I}nstitute},
  year = 	 {1995},
  type = 	 {Research Report},
  number = 	 {3},
  address = 	 {Box 43 Blindern, N-0313 Oslo, Norway},
  key  = 	 {ISSN 0332-9879},
}

@TechReport{enged:etal:1997,
  author = 	 {Engedahl, H. and G. Eriksr{\o}d and C. Ulstad and B. {\AA}dlandsvik},
  title = 	 {Climatological oceanographic archives covering the {N}ordic {S}eas and the {A}rctic {O}cean with adjacent waters}, 
  institution =  {Norwegian {M}eteorological {I}nstitute},
  year = 	 {1997},
  type = 	 {Research Report},
  number = 	 {59},
  pages = 	 {69},
  address = 	 {Box 43 Blindern, N-0313 Oslo, Norway},
  key  = 	 {ISSN 0332-9879},
}

@Article{enged:etal:1998,
  author = 	 {Engedahl, H. and B. {\AA}dlandsvik and E. A. Martinsen},
  title = 	 {Production of monthly mean climatological archives for the {N}ordic {S}eas},
  journal = 	 {J. Mar. Syst.},
  year = 	 {1998},
  volume = 	 {14},
  pages = 	 {1-26},
}

@TechReport{enged:etal:2001,
  author = 	 {Engedahl, H. and A. Lunde and A. Melsom and X. B. Shi},
  title = 	 {New schemes for vertical mixing in {MI-POM} and {MICOM}},
  institution =  {Norwegian {M}eteorological {I}nstitute},
  year = 	 {2001},
  type = 	 {Research Report},
  number = 	 {118},
  pages = 	 {44},
  note =         {{I}SSN 0332-9879},
}

@Article{ertel:1942,
  author = 	 {Ertel, H.},
  title = 	 {Ein neuer hydrodynamische wirbelsatz},
  journal = 	 {Meteor. Z.},
  year = 	 {1942},
  volume = 	 {59},
  pages = 	 {271-281},
}

@Article{evens:1992,
  author = 	 {Evensen, G. },
  title = 	 {Using the extended Kalman filter with a multilayer quasi-geostrophic ocean model},
  journal = 	 {J. Geophys. Res.},
  year = 	 {1992},
  volume = 	 {97},
  pages = 	 {17905-17924},
  doi =          {10.1029/92JC01972},
}

@TECHREPORT{eve00b,
   TITLE  = "{Implementation and validation of the HYCOM model for {N}orth {W}estern
             {A}pproches}",
   AUTHOR = "Geir Evensen",
   YEAR   = "2000",
   INSTITUTION = "{Nansen Environmental and Remote Sensing Center}",
   NUMBER = "192",
   pages ="57",
   ADDRESS = "Edv. Griegsv. 3a, N--5059 Bergen"}


@TECHREPORT{evens:szabo:2002,
   TITLE  = "{{NWAG} Phase II-A Technical Summary}",
   AUTHOR = "Evensen, G. and D. Szabo",
   YEAR   = "2002",
   INSTITUTION = "{Ocean Numerics Ltd}",
   NUMBER = "215",
   ADDRESS = "Thorm{\o}hlensgt. 47, N--5006 Bergen"
}

@TECHREPORT{eve02repB,
   TITLE  = "{WANE Technical Summary}",
   AUTHOR = "Evensen, G. and V. Haugen and D. Szabo",
   YEAR   = "2002",
   INSTITUTION = "{Ocean Numerics Ltd}",
   NUMBER = "224",
   ADDRESS = "Edv. Griegsv. 3a, N--5059 Bergen"
}

@Article{evens:2003,
   author =      {Geir Evensen},
   title =       {The ensemble {K}alman filter: Theoretical formulation and practical implementation},
   year =        {2003},
   journal =     {Ocean Dyn.},
   volume =      {53},
   number =      {4},
   pages =       {343-367},
}

@Article{ezer:etal:2002,
   author =      {Ezer, T. and H. G. Arango and A. F. Shchepetkin},
   title =       {Developments in terrain-following ocean models: intercomparisons of numerical aspects},
   year =        {2002},
   journal =     {Ocean Modelling},
   volume =      {4},
   pages =       {249-267},
}

%%%%%%%%%%%%%%%%%%%%%%%%%%%%%%%%% F %%%%%%%%%%%%%%%%%%%%%%%%%%%%%%%%%%%%%%%%
@Article{faira:etal:2003,
  author = 	 {Fairall, C. W. and E. F. Bradley and J. E. Hare and A. A. Grachev and J. B. Edson},
  title = 	 {Bulk Parameterization of Air-Sea Fluxes: {U}pdates and Verification for the {COARE} Algorithm},
  journal = 	 {J. Clim.},
  year = 	 {2003},
  volume = 	 {16},
  pages = 	 {571-591},
  doi =          {10.1175/1520-0442(2003)016$<$0571:BPOASF$>$2.0.CO;2},
}

@Article{faira:etal:1996,
  author = 	 {Fairall, C. W. and E. F. Bradley and J. S. Godfrey and G. A. Wick and J. B. Edson and G. S. Young},
  title = 	 {Cool-skin and warm-layer effects on sea surface temperature},
  journal = 	 {J. Geophys. Res.},
  year = 	 {1996},
  volume = 	 {101},
  number = 	 {C1},
  pages = 	 {1295-1308},
}

@Article{flath:1976,
  author = 	 {Flather, R. A.},
  title = 	 {A tidal model of the northwest {E}uropean continental shelf},
  journal = 	 {Mem. Soc. Roy. Scie. Liege},
  year = 	 {1976},
  volume = 	 {6},
  number = 	 {10},
  pages = 	 {141-164},
}

@InCollection{fofon:1962a,
  author = 	 {Fofonoff, N. P.},
  title = 	 {Physical properties of sea water.},
  booktitle = 	 {The Sea},
  pages = 	 {3-30},
  year = 	 {1962},
  editor = 	 {N. M. Hill},
  publisher = 	 {John Wiley and Sons},
  volume = 	 {1},
}

@InCollection{fofon:1962b,
  author = 	 {Fofonoff, N. P.},
  title =        {Dynamics of ocean currents},
  booktitle =    {The Sea: Ideas and observations on progress in the study of the sea},
  year =         {1962},
  volume =       {1},
  editor = 	 {N. M. Hill},
  publisher = 	 {John Wiley and Sons},
  pages =        {323-395},
}

@UNPUBLISHED{foroc:2008,
   AUTHOR =      {ForOcean},
   TITLE  =      {Kara and {B}arents {S}eas {I}ce and {C}urrent ({KARBIAC}) {J}oint {I}ndustry {P}roject: {C}omparison of {H}indcasts with {M}easurements}, 
   YEAR   =      {2008},
   Note        = {{C}onsultant report to Statoil, February 2008, {F}oristall {O}cean {E}ngineering, {I}nc.},
   pages =       {102},
}

@UNPUBLISHED{foroc:2010,
   AUTHOR    =   {ForOcean},
   TITLE     =   {Kara and {B}arents {S}eas {I}ce and {C}urrent ({KARBIAC}) {J}oint {I}ndustry {P}roject: {P}hase 2b {C}omparisons of {H}indcasts and {M}easurements}, 
   YEAR   =      {2010},
   Note    =     {{C}onsultant report to Statoil, February 2010, {F}oristall {O}cean {E}ngineering, {I}nc.},
   pages =       {189},
}

@UNPUBLISHED{foroc:2011,
   AUTHOR    =   {ForOcean},
   TITLE     =   {{LO}foten and {VE}sterålen {CUR}ents ({LOVECUR}) {C}omparison of {H}indcasts with {M}easurements {R}evision 2 - {M}odeler's {C}opy}, 
   YEAR   =      {2011},
   Note    =     {{C}onsultant report to Statoil, July 2011, {F}oristall {O}cean {E}ngineering, {I}nc.},
   pages =       {171},
}

@PhdThesis{fossu:2005,
  author = 	 {Fossum, I.},
  title = 	 {Ocean eddies off southern {N}orway},
  school = 	 {Department of Geosciences, University of Oslo, Norway},
  year = 	 {2005},
  address = 	 {Box 1053 Blindern, 0313 Oslo, Norway},
  month = 	 {June},
}

@Article{fossu:2006,
  author = 	 {Fossum, I.},
  title = 	 {Analysis of instabilities and mesoscale motion off southern {N}orway},
  journal = 	 {J. Geophys. Res.},
  year = 	 {2006},
  volume =       {111, C08006},
  doi =          {10.1029/2005JC003228},
}

@Article{fossu:roed:2006,
  author = 	 {Fossum, I. and L. P. R{\o}ed},
  title = 	 {Analysis of instabilities and mesoscale motion in continuously stratified ocean models},
  journal = 	 {J. Mar. Res.},
  year = 	 {2006},
  volume =       {64},
  pages =        {319-353},
}

@Article{fukam:etal:1995,
  author = 	 {Fukamachi, Y. and J. P. McCreary and J. A. Proehl},
  title = 	 {Instability of density fronts in layer and continuously stratified models},
  journal = 	 {J. Geophys. Res.},
  year = 	 {1995},
  volume = 	 {100},
  number = 	 {C1},
  pages = 	 {2559-2577},
}

@Article{furev:2000,
  author = 	 {Furevik, T. },
  title = 	 {On anomalous sea surface temperatures in the Nordic Seas},
  journal = 	 {J. Clim.},
  year = 	 {2000},
  volume = 	 {13},
  number = 	 {5},
  pages = 	 {1044-1053},
}

@Article{furev:2001,
  author = 	 {Furevik, T.},
  title = 	 {Annual and interannual variability of Atlantic Water temperatures in the Norwegian and Barents Seas: 1980-1996},
  journal = 	 {Deep Sea Res.},
  year = 	 {2001},
  volume = 	 {48},
  number = 	 {2},
  pages = 	 {383-404},
}

%%%%%%%%%%%%%%%%%%%%%%%%%%%%%%%%% G %%%%%%%%%%%%%%%%%%%%%%%%%%%%%%%%%%%%%%%%
@Article{galpe:etal:1988,
  author = 	 {Galperin, B. and L. H. Kanta and S. Hassid and A. Rosati},
  title = 	 {A quasi-equilibrium energy model for geophysical flows.},
  journal = 	 {J. Atmos. Sc.},
  year = 	 {1988},
  volume = 	 {45},
  pages = 	 {55-62},
}
 
@Article{gamme:etal:1975,
  author = 	 {Gammelsr{\o}d, T. and M. Mork and L. P. R{\o}ed},
  title = 	 {Upwelling possibilities at an ice edge, homogeneous model},
  journal = 	 {Mar. Sci. Comm.},
  year = 	 {1975},
  volume = 	 {1},
  pages = 	 {115-145},
}

@Article{gaspa:etal:1990,
  author = 	 {Gaspar, P. and Y. Gregories and J. -M. Lefevre},
  title = 	 {A simple eddy kinetic energy model for simulations of the oceanic vertical mixing: {T}ests at station {P}apa and long-term upper ocean study site}, 
  journal = 	 {J. Geophys. Res.},
  year = 	 {1990},
  volume = 	 {95},
  number =       {C3},
  pages = 	 {16,179-16,193},
}

@Article{gemme:etal:2009,
  author = 	 {Gemmel, A. and G. Smith and K. Haines and J. Blower},
  title = 	 {Validation of ocean model syntheses against hydrography using a new web application}, 
  journal = 	 {J. Operational Oceanogr.},
  year = 	 {2009},
  volume = 	 {2},
  pages = 	 {29-41},
}

@Article{gent:mcwil:1990,
  author = 	 {Gent, P. and J. C. McWilliams},
  title = 	 {Isopycnic mixing in ocean circulation models}, 
  journal = 	 {J. Phys. Oceanogr.},
  year = 	 {1990},
  volume = 	 {20},
  pages = 	 {150-155},
}

@Article{gent:etal:1995,
  author = 	 {Gent, P. and J. Willebrand and T. J. McDougall and J. C. McWilliams},
  title = 	 {Parameterizing eddy-induced tracer transports in ocean circulation 
                  models},  
  journal = 	 {J. Phys. Oceanogr.},
  year = 	 {1995},
  volume = 	 {25},
  pages = 	 {463-474},
}

@InBook{gerri:bijls:1980,
 author =     {Gerritsen, H. and A. C. Bijlsma},
 title =      {Computer {M}odelling in {O}cean {E}ngineering},
 chapter =    {Modelling of tidal and wind driven flow: The {D}utch 
               {C}ontinental {S}helf {M}odel},
 publisher =  {Schrefler \& Zienckiewicz, Rotterdam, Balkema},
 year =       {1988},
 pages =      {9 pp.},
}

@TechReport{GESAMP:1991,
  author =       {GESAMP},
  title = 	 { ({IMO/FAO/UNESCO/WMO/WHO/IAEA/UN/UNEP} {J}oint {G}roup of {E}xperts on the {S}cientific {A}spects of {M}arine {P}ollution), {C}oastal {M}odelling},
  institution =  {International Atomic Energy Agency ({IAEA})},
  year = 	 {1991},
  note = 	 {{G}ESAMP Reports and Studies 43, 192 pp.},
}

@Article{ghil:malri:1991,
  author = 	 {Ghil, M. and P. Malanotte-Rizzoli},
  title = 	 {Data assimilation in meteorology and oceanography},  
  journal = 	 {Adv. Geophys.},
  year = 	 {1991},
  volume = 	 {33},
  pages = 	 {141-266},
}

@InCollection{giorg:etal:2001,
  author = 	 {Giorgi, F. and B. Hewitson and J. Christensen and M. Hulme and H. von Storch and P. Whetton and R. Jones and L. Mearns and C. Fu},
  title = 	 {Regional climate information - evaluations and projections},
  booktitle = 	 {Climate {C}hange 2001: The {S}cientific {B}asis},
  publisher =    {Cambridge University Press},
  year = 	 {2001},
  editor = 	 {Houghton, J. T. and et al.},
}

@Book{gill:1982,
  author = 	 {Gill, A. E.},
  title = 	 {Atmosphere-ocean dynamics},
  publisher = 	 {Academic Press},
  year = 	 {1982},
  volume = 	 {30},
  series = 	 {{I}nternational Geophysical Ser.},
}

@Article{gill:etal:1974,
  author = 	 {Gill, A. E. and J. S. Green and A. J. Simmons},
  title = 	 {Energy partion in the large-scale ocean circulation and the production of mid-ocean eddies},
  journal = 	 {Deep Sea Res.},
  year = 	 {1974},
  volume = 	 {21},
  pages = 	 {499-528},
}
 
@Book{gjevi:2009,
  author = 	 {Gjevik, B.},
  title = 	 {Flo og fj{\ae}re langs kysten av Norge og Svalbard},
  publisher = 	 {Farleia Forlag, Norway},
  year = 	 {2009},
  note   =       {{ISBN} 978-82-998031-0-6},
}

@Article{gjevi:roed:1976,
  author = 	 {Gjevik, B. and L. P. R{\o}ed},
  title = 	 {Storm Surges along the Western Coast of {N}orway},
  journal = 	 {Tellus},
  year = 	 {1976},
  volume = 	 {28},
  pages = 	 {166-182},
}

@Book{gloer:etal:1992,
  author = 	 {Gloersen, P. and W. J. Campbell and D. J. Cavalieri and J. C. Comiso, C. L. Parkinson and H. J. Zwally},
  title = 	 {{A}rctic and {A}ntarctic sea ice, 1978-1987},
  publisher = 	 {National Aeronautic and Space Administration, Washington D.C.},
  year = 	 {1992},
  volume = 	 {NASA SP No. 511},
  series = 	 {Scientific and Technical Information Program},
}

@Article{great:mcdou:2003,
  author = 	 {Greatbatch, R. and T. J. McDougall },
  title = 	 {The non-{B}oussinesq temporal residual mean}, 
  journal = 	 {J. Phys. ceanogr.},
  year = 	 {2003},
  volume = 	 {33},
  pages = 	 {1231-1239},
}
@Article{Grenf:etal:1994,
  author = 	 {Grenfell, T. C. and S. G. Warren and P. C. Mullen },
  title = 	 {Reflection of solar radiation by the {A}ntarctic snow surface at ultraviolet, visible, and near-infrared wavelengths}, 
  journal = 	 {J. Geophys. Res.},
  year = 	 {1994},
  volume = 	 {99},
  number =       {D9},
  pages = 	 {18,669-18,684},
}

@Article{griff:1998,
  author = 	 {Griffies, S. M.},
  title = 	 {The {G}ent-{M}c{W}illiams skew flux}, 
  journal = 	 {J. Phys. Oceanogr.},
  year = 	 {1998},
  volume = 	 {28},
  pages = 	 {831-841},
}

@Article{griff:etal:1998,
  author = 	 {Griffies, S. M. and A. Gnadadesikan and R. C. Panowski and V. Larichev and J. Dukowicz and R. D. Smith},
  title = 	 {Isoneutral diffusion in a $z$-coordinate ocean model}, 
  journal = 	 {J. Phys. Oceanogr.},
  year = 	 {1998},
  volume = 	 {28},
  pages = 	 {805-830},
}

@Book{griff:2004,
  author = 	 {Griffies, S. M.},
  title = 	 {Fundamentals of ocean climate models},
  publisher = 	 {Princeton {U}niversity {P}ress},
  year  = 	 {2004},
  note =         {{ISBN} 0-691-11892-2},
}

@Article{grotj:obrie:1976,
  author =       {R. Grotjhan and J. J. O'Brien},
  title =        {Some inaccuracies in finite differencing hyperbolic equations},
  journal =      {Mon. Weath. Rev.},
  year =         {1976},
  volume =       {104},
  pages =        {180-194},
}

@Article{gusta:stige:1996,
  author = 	 {Gustafsson, B. and A. Stigebrandt },
  title = 	 {Dynamics of the freshwater-influenced surface layers in the {S}kagerrak}, 
  journal = 	 {J. Sea Res.},
  year = 	 {1996},
  volume = 	 {35},
  pages = 	 {39-53},
}

@Article{gusta:1997,
  author = 	 {Gustafsson, B. },
  title = 	 {Interaction between {B}altic {S}ea and {N}orth {S}ea}, 
  journal = 	 {D. Hydrogr. Zeit.},
  year = 	 {1997},
  volume = 	 {49},
  pages = 	 {163-181},
}

@Article{gusta:1999,
  author = 	 {Gustafsson, B. },
  title = 	 {High frequency variability of the surface layers in the {S}kagerrak during {SKAGEX}}, 
  journal = 	 {Cont. Shelf Res.},
  year = 	 {1999},
  volume = 	 {19},
  pages = 	 {1021-1047},
}

@Article{gusta:ander:2001,
  author = 	 {Gustafsson, B. and H. C. Andersson},
  title = 	 {Modeling the exchange of the {B}altic {S}ea from the meridional atmospheric pressure difference across the {N}orth {S}ea}, 
  journal = 	 {J. Geophys. Res.},
  year = 	 {2001},
  volume = 	 {106},
  number =       {C9},
  pages = 	 {19731-19744},
}

%%%%%%%%%%%%%%%%%%%%%%%%%%%%%%%%% H %%%%%%%%%%%%%%%%%%%%%%%%%%%%%%%%%%%%%%%%
@TechReport{hacke:2001,
  author = 	 {Hackett, B.},
  title = 	 {Surge climate scenarios in the northern North Sea and along the Norwegian coast.},
  institution =  {Norwegian Meteorological Institute},
  year = 	 {2001},
  type = 	 {Research Report},
  number = 	 {123},
  pages =        {51},
  address = 	 {Box 43 Blindern, N-0313 Oslo, Norway},
  key  = 	 {ISSN 0332-9879},
}

@TechReport{hacke:enged:1999,
  author = 	 {Hackett, B. and H. Engedahl },
  title = 	 {Numerical model study of slope and {D}eep {W}ater {C}urrents. {P}hase{II}: {R}egional archive},
  institution =  {Norwegian Meteorological Institute},
  year = 	 {1999},
  type = 	 {Research Report},
  number = 	 {85},
  address = 	 {Box 43 Blindern, N-0313 Oslo, Norway},
  key  = 	 {ISSN 0332-9879},
}

@TechReport{hacke:enged:2000,
  author = 	 {Hackett, B. and H. Engedahl },
  title = 	 {Numerical model study of slope and {D}eep {W}ater {C}urrents. {P}hase{III}: {R}egional archive evaluation and {O}rmen {L}ange hindcast},
  institution =  {Norwegian Meteorological Institute},
  year = 	 {2000},
  type = 	 {Research Report},
  number = 	 {93},
  address = 	 {Box 43 Blindern, N-0313 Oslo, Norway},
  key  = 	 {ISSN 0332-9879},
}

@Article{hacke:roed:1994,
  author =	{Hackett, B. and L. P. R{\o}ed},
  title =	{Numerical modeling of the {H}alten {B}ank area: a validation study}, 
  journal =	{Tellus},
  year =	{1994},
  volume =	{46A},
  pages =	{113-133},
}

@Article{hacke:roed:1998,
  author =       {Hackett, B. and L. P. R{\o}ed},
  title = 	 {A numerical study of the slope current northwest of the {B}ritish {I}sles}, 
  journal =      {Cont. Shelf Res.},
  year =         {1998},
  volume =       {18},
  pages =        {1-30},
}

@InCollection{hacke:etal:1995,
  author =       {Hackett, B. and L. P. R{\o}ed and B. Gjevik and E. A. Martinsen and L. I. Eide},
  title = 	 {A Review of the Metocean Modeling Project ({MOMOP}). {P}art 2: Model Validation Study},
  booktitle =    {Quantitative Skill Assessment for Coastal Ocean Models},
  year =         {1995},
  editor = 	 {D. R. Lynch and A. M. Davies},
  volume =       {47},
  series =       {Coastal and Estuarine Studies},
  pages =        {307-327},
  publisher =    {American Geophysical Union},
}

@InProceedings{hacke:etal:1987,
 author =       {Hackett, B. and A. Lohrmann and L. P. R{\o}ed},
 title =        {Bottom currents measured with a pulse-to-pulse coherent sonar}, 
 booktitle =    {Proceedings of the OCEANS 87 Conference on The Ocean: An International Workplace, 28.9-1.10 1987, Halifax, Canada},
 pages =        {83-88},
 year =         {1987},
 editor =       {IEEE},
 publisher =    {IEEE},
}

@InProceedings{hacke:etal:2006,
 author =       {Hackett, B. and J. Albretsen and L. P. R{\o}ed and J. A. Johannessen and E. Svendsen},
 title =        {The {MONCOZE} {P}ilot {O}cean {M}odeling {S}ystem ({POMS}); a tool for marine environmental monitoring.}, 
 booktitle =    {European Operational Oceanography: Present and Future, Proceedings of the 4th International Conference o
n EuroGOOS, 6-9 June 2005, Brest, France},
 pages =        {242-247},
 year =         {2006},
 editor =       {H. Dahlin and N. C. Flemming and P. Marchand and S. E. Petersson},
 publisher =    {EuroGOOS Office, SMHI, and European Commission Research Directorate},
}

@Book{haidv:beckm:1999,
	author =	{Haidvogel, D. B. and A. Beckmann},
	title =		{Numerical ocean circulation modeling},
	publisher =	{Imperial College Press},
	year =		{1999},
	volume =	{2},
	series =	{Series on environmental science and management},
	pages =		{320},
	note =		{{ISBN} 1-86094-114-1},
}

@Article{haidv:etal:2008,
 author =        {Haidvogel, D. B. and H. Arango and P. W. Budgell and B. D. Cornuelle and E. Curchitser and E. Di Lorenzo and K. Fennel and W. R. Geyer and A. J. Hermann and L. Lanerolle and J. Levin and J. C. McWilliams and A. J. Miller and A. M. Moore and T. M. Powell and A. F. Shchepetkin and C. R. Sherwood and R. P. Signell and J. C. Warner and J. Wilkin},
 title =         {Ocean forecasting in terrain-following coordinates: Formulation and skill assessment of the {R}egional {O}cean {M}odeling {S}ystem},
 journal =       {J. Comput. Phys.},
 volume =        {227},
 number =        {7},
 year =          {2008},
 issn =          {0021-9991},
 pages =         {3595-3624},
 doi = {http://dx.doi.org/10.1016/j.jcp.2007.06.016},
 publisher =     {Academic Press Professional, Inc.},
 address =       {San Diego, CA, USA},
}

@Article{hakki:mello:1992,
  author = 	 {H{\"a}kkinen, S. and G. L. Mellor},
  title = 	 {Modeling the seasonal variability of a coupled {A}rctic ice-ocean system},
  journal = 	 {J. Geophys. Res.},
  year = 	 {1992},
  volume = 	 {97}, 
  pages = 	 {20,285-20,304},
}

@Article{hallb:1999,
  author = 	 {Hallberg, R. },
  title = 	 {Time integration of diapycnal diffusion and {R}ichardson number dependent mixing in isopycnal coordinate ocean models},
  journal = 	 {Mon. Weath. Rev.},
  year = 	 {1999},
  volume = 	 {00},
  pages = 	 {00-00},
}

@InProceedings{halli:1998,
  author =		{Halliwell, G. and R. Bleck and E. Chassignet },
  title =		{Atlantic ocean simulations performed using a new hybrid-coordinate ocean model.},
  booktitle =	{EOS Trans. AGU},
  year =		{1998},
  annote =		{Fall 1998 AGU meeting}
}

@Book{halti:willi:1980,
  author = 	 {Haltiner, G. J. and R. T. Williams},
  title = 	 {Numerical prediction and dynamic meteorology, second edition},
  publisher = 	 {John Wiley \& Sons},
  year = 	 {1980},
  pages = 	 {477},
}

@Article{haney:1991,
  author =	{Haney, R. L.},
  title =	{On the pressure gradient force over steep topography in sigma coordinate ocean models},
  journal =	{J. Phys. Oceanogr.},
  year =	{1991},
  volume =	{21},
  pages =	{610-619}, 
}	

@InProceedings{hanna:etal:2009,
  author =	{Hannay, J. E. and  C. MacLeod and J. Singer and H. P. Langtangen and D. Pfahl and G. Wilson},
  title = 	{How do scientists develop and use scientific software?},
  booktitle =	{SECSE '09: Proceedings of the 2009 ICSE Workshop on Software Engineering for Computational Science and Engineering},
  isbn =	{978-1-4244-3737-5},
  publisher =	{IEEE Computer Society},
  address =	{Washington, DC, USA},
  key =		{{$\!\!$}} ,
  year =	{2009},
  doi =		{10.1109/SECSE.2009.5069155},
  pages =	{1-8},
}

@Article{hanse:oeste:2000,
  author =	{Hansen, B. and S. {\O}sterhus},
  title =	{North {A}tlantic - {N}orwegian {S}ea {E}xchanges},
  journal =	{Prog. in Oceanogr.},
  year =	{2000},
  volume =	{45}, 
  pages =	{109-208},
}

@Article{hansen_etal_03,
  author =	{Hansen, B. and S. {\O}sterhus and H. H\'{a}tun and R. Kristiansen and K. M. H. Larsen},
  title =	{The {I}celand-{F}aroe inflow of {A}tlantic water to the {N}ordic {S}eas},
  journal =	{Prog. Oceanogr.},
  year =	{2003},
  volume =	{59},
  pages =	{443-474}, 
}	

@Article{hanse:etal:2003,
  author =	{Hansen, B. and S. {\O}sterhus and H. H\'{a}tun and R. Kristiansen and K. M. H. Larsen},
  title =	{The {I}celand-{F}aroe inflow of {A}tlantic water to the {N}ordic {S}eas},
  journal =	{Prog. Oceanogr.},
  year =	{2003},
  volume =	{59},
  pages =	{443-474}, 
}	

@Article{hanse:etal:2010,
  author =	{Hansen, B. and H. H\'{a}tun and R. Kristiansen and S. M. Olsen and S. {\O}sterhus},
  title =	{Stability and forcing of the {I}celand-{F}aroe inflow of water, heat,  and salt to the {A}rctic},
  journal =	{Ocean  Science},
  year =	{2010},
  volume =	{6},
  number =	{4},
  pages =	{1013-1026},
  url =		{http://www.ocean-sci.net/6/1013/2010/},
  doi = 	{10.5194/os-6-1013-2010}, 
}	

@Article{harri:robin:1978,
  author =	{Harrison, D. E. and A. R. Robinson},
  title =	{Energy analysis of open regions of turbulent flows-mean eddy energetics of a numerical ocean circulation experiment},
  journal =	{Dyn. Atmos. Oceans},
  year =	{1978},
  volume =	{2},
  pages =	{185-211},
}

@InProceedings{2009:1556904,
  author = 	{IEEE},
  booktitle =	{SECSE '09: Proceedings of the 2009 ICSE Workshop on Software Engineering for Computational Science and Engineering},
  year =	{2009},
  isbn =	{978-1-4244-3737-5},
  publisher =	{IEEE Computer Society},
  address =	{Washington, DC, USA},
  key =		{{$\!\!$}},
}

@TechReport{hauge:ivers:2005,
  author = 	 {Haugen, J. E. and T. Iversen},
  title = 	 {Response in daily precipitation and wind speed extremes from {HIRHAM} downscaling of {SRES B2} scenarios},
  institution =  {Norwegian Meteorological Institute},
  year = 	 {2005},
  type = 	 {RegClim Technical Report},
  number = 	 {8},
  address = 	 {Box 43 Blindern, N-0313 Oslo, Norway},
}

@Article{hauge:etal:2001,
  author = 	 {Haugen, J. E. and D. Bj{\o}rge and T. E. Nordeng},
  title = 	 {Dynamic downscaling of {ERA} and {MPI} data with the {HIRHAM} regional climate model},
  year =         {2001},
  journal =      {submitted},
}

@Article{hauge:etal:2002,
  author = 	 {Haugen, V. E. and O. M. Johannessen and G. Evensen},
  title = 	 {Indian {O}cean: {V}alidation of the {M}iami {I}sopycnic {C}oordinate {O}cean {M}odel and {ENSO} events during 1958-1998},
  journal = 	 {J. Geophys. Res.},
  year = 	 {2002},
  volume = 	 {107},
  number =       {C5},
  pages = 	 {10,1029-10,1057},
}

@Article{hebur:1988,
  author = 	 {Heburn, G. W.},
  title = 	 {A numerical study of the western {M}editerranean {S}ea},
  journal = 	 {Rapport {C}ommision pour l'{E}xploration {S}cientifique de la {M}er {M}{\'e}diterran{\'e}e},
  year = 	 {1988},
  volume = 	 {31},
  number =       {2},
  pages = 	 {210},
}

@Article{hebur:lavio:1990,
  author = 	 {Heburn, G. W. and P. E. LaViolette},
  title = 	 {Variations in the structure of the anticyclonic gyres found in the {A}lboran {S}ea},
  journal = 	 {J. Geophys. Res.},
  year = 	 {1990},
  volume = 	 {95},
  number =       {C2},
  pages = 	 {1599-1614},
}

@Article{hedst:1979,
  author = 	 {Hedstr{\o}m, G. W.},
  title = 	 {Nonreflecting boundary conditions for nonlinear hyperbolic systems},
  journal = 	 {J. Comp. Phys.},
  year = 	 {1979},
  volume = 	 {30},
  pages = 	 {222-237},
}

@Article{hella:nanse:1909,
  author =	{Helland-{H}ansen, B. and F. Nansen},
  title =	{The {N}orwegian {S}ea. {I}ts physical oceanography based upon {N}orwegian researches 1900-1904},
  journal =	{Report on Norwegian Fishery and Marine-Investigations}, 
  publisher =	{Det Mallingske Bogtrykkeri, Kristiania},
  volume    =	{11},
  number   =	{2},
  year =	{1909},
  pages =	{p. 360},
  note =	{http://web.gfi.uib.no/The Norwegian Sea/TNS.htm}
}

@TechReport{roed:etal:2016,
  author = 	{R{\o}ed, L. P. and N. M. Kristensen and K. B. Hjelmervik and A. Staalstr{\o}m},
  title = 	{A high-resolution, curvilinear ROMS model for the Oslofjord},
  institution = {Norwegian Meteorological Institute},
  year = 	{2016},
  type = 	{Technical Report},
  number = 	{in preparation},
  address = 	{MET Norway, P.O.Box 43 Blindern, NO-0313 Oslo, Norway},
}

@TechReport{hjelm:etal:2016,
  author = 	{Hjelmervik, K. B. and N. M. Kristensen and A. Staalstr{\o}m and L. P. R{\o}ed},
  title = 	{Evaluation of the {F}jord{O}s {CL} model},
  institution = {Norwegian Meteorological Institute},
  year = 	{2016},
  type = 	{Technical Report},
  number = 	{in preparation},
  address = 	{MET Norway, P.O.Box 43 Blindern, NO-0313 Oslo, Norway},
}

@TechReport{hjelm:etal:2014,
  author = 	 {Hjelmervik, K. B. and A. Staalstr{\o}m and S. E. Nordby},
  title = 	 {Simulert tidevann i Oslofjorden. Tre forskjellige utforminger av havneområdet i {M}oss},
  institution =  {Norwegian Institute for Water Research},
  year = 	 {2014},
  type = 	 {Technical Report },
  number = 	 {L.NR. 6717-2014},
  address = 	 {NIVA, Gaustadalléen 21, NO-0349 Oslo, Norway},
}

@Article{hjerm:etal:2007,
  author =	{Hjermann, D. Ø. and A. Melsom and G. E. Dingsør and J. M. Durant and A. M. Eikeset and L. P. R{\o}ed and G. Ottersen and G. Storvik and N. Chr. Stenseth},
  title =	{Fish and oil in the Lofoten-Barents Sea system: synoptic review of the effect of oil spills on fish populations.},
  journal =	{Marine Ecology Progress Ser.},
  year =	{2007},
  volume =	{339},
  pages =	{283-299},
  doi   =	{10.3354/meps339283.n},
}

@Article{hible:1979,
  author =	{Hibler, W. D. III },
  title =	{A dynamic-thermodynamic sea ice model},
  journal =	{J. Phys. Oceanogr.},
  year =	{1979},
  volume =	{9},
  pages =	{815-846},
}

@Article{higdo:deszo:1997,
  author =	{Higdon, R. L. and R. A. de Szoeke },
  title =	{Barotropic-Baroclinic Time Splitting for Ocean Circulation Modeling},
  journal =	{J. Comp. Phys.},
  year =	{1997},
  volume =	{125},
  pages =	{30-53},
  doi =		{dx.doi.org/10.1006/jcph.1997.5733},
}

@Article{holla:1978,
  author =	{Holland, W. R.},
  title =	{The role of mesoscale eddies in the general circulation of the oceans - {N}umerical experiments using a quasi-geostrophic model},
  journal =	{J. Phys. Oceanogr.},
  year =	{1978},
  volume =	{8},
  pages =	{363-392},
}

@Article{holla:lin:1975a,
  author =	{Holland, W. R. and L. B. Lin},
  title =	{On the generation of mesoscale eddies and their contribution to the oceanic general circulation. {I}. {A} preliminary numerical experiment},
  journal =	{J. Phys. Oceanogr.},
  year =	{1975},
  volume =	{5},
  pages =	{642-657},
}

@Article{holla:lin:1975b,
  author =	{Holland, W. R. and L. B. Lin},
  title =	{On the generation of mesoscale eddies and their contribution to the oceanic general circulation. {II}. {A} parameter study},
  journal =	{J. Phys. Oceanogr.},
  year =	{1975},
  volume =	{5},
  pages =	{658-669},
}

@Article{huang:1998,
  author =	{Huang, R. X.},
  title =	{Mixing and available potential energy in a {B}oussinesq Ocean},
  journal =	{J. Phys. Oceanogr.},
  year =	{1998},
  volume =	{28}, 
  pages =	{669-678},
}

@Article{hunke:2001,
  author = 	 {Hunke, E. C.},
  title = 	 {Viscous-plastic sea ice dynamics with the {EVP} model: Linearization issues},
  journal = 	 {J. Comput. Phys.},
  year = 	 {2001},
  volume =	 {170},
  pages =	 {18-38},
}

@Article{hunke:dukow:1997,
  author = 	 {Hunke, E. C. and J. K. Dukowicz},
  title = 	 {An elastic-viscous-plastic model for sea ice dynamics},
  journal = 	 {J. Phys. Oceanogr.},
  year = 	 {1997},
  volume = 	 {27}, 
  pages = 	 {1849-1867},
}

@Article{hunke:dukow:2002,
  author = 	 {Hunke, E. C. and J. K. Dukowicz},
  title = 	 {The elastic-viscous-plastic sea ice dynamics model in general orthogonal curvilinear coordinates on a sphere: Incorporation of metric terms},
  journal = 	 {Mon. Wea. Rew.},
  year = 	 {2002},
  volume =	 {130},
  pages =	 {1848-1865},
}

@Article{hurlb:etal:1976,
  author = 	 {Hurlburt, H. E. and J. C. Kindle and J. J. O'Brien},
  title = 	 {A numerical simulation of the onset of {E}l {N}i{\~n}o},
  journal = 	 {J. Phys. Oceanogr.},
  year = 	 {1976},
  volume = 	 {6},
  pages = 	 {621-631},
}

@article{hurlb:thomp:1976,
  author =       {Hurlburt, H. E. and J. Dana Thompson, J. Dana},
  title =        {A Numerical Study of the {S}omali current},
  journal =      {J. Phys. Oceanogr.},
  volume =       {6},
  pages =        {646-664},
  year =         {1976},
}

@article{hurlb:thomp:1980,
  author =       {Hurlburt, H. E. and J. Dana Thompson, J. Dana},
  title =        {A Numerical Study of Loop Current Intrusions and Eddy Shedding},
  journal =      {J. Phys. Oceanogr.},
  volume =       {10},
  number =       {10},
  pages =        {1611-1651},
  year =         {1980},
  doi =          {10.1175/1520-0485(1980)010<1611:ANSOLC>2.0.CO;2},
}

@Article{hurlb:hogan:2000,
  author = 	 {Hurlburt, H. E. and P. J. Hogan},
  title = 	 {Impact of 1/8$^o$ to 1/64$^o$ resolution on {G}ulf {S}tream model-data comparisons in basin-scale subtropical {A}tlantic {O}cean models},
  journal = 	 {Dyn. Atmos. Oceans},
  year = 	 {2000},
  volume = 	 {32},
  pages = 	 {283-329},
}

%%%%%%%%%%%%%%%%%%%%%%%%%%%%%%%%% I %%%%%%%%%%%%%%%%%%%%%%%%%%%%%%%%%%%%%%%%
@Article{ikeda:etal:1989,
  author = 	 {Ikeda, M. and J.A. Johannessen and K. Lygre and S. Sandven},
  title = 	 {A process study of mesoscale meanders and eddies in the {N}orwegian {C}oastal {C}urrent},
  journal = 	 {J. Phys. oceanogr.},
  year = 	 {1989},
  volume = 	 {19},
  pages = 	 {20-35},
}

@Article{ilicak:etal:2012,
  author =	{Ilicak, M. and A. J. Adcroft and S. M. Griffies and R. W. Hallberg},
  title =	{Spurious dianeutral mixing and the role of momentum closure},
  journal =	{Ocean Modell.},
  year =	{2012},
  volume =	{45-46},
  pages =	{37-58},
}

@Article{ingvaldsen_etal_02,
  author = 	{Ingvaldsen, R. and H. Loeng and L. Asplin},
  title =	{Variability in the {A}tlantic inflow to the {B}arents {S}ea based on a one-year time series from moored current meters},
  journal = 	{Cont. Shelf Res.}, 
  volume =	{22}, 
  pages =	{505-519},
  year =	{2002},
}

@Book{IPCC:2001,
  author =       {IPCC},
  title =        {Climate {C}hange 2001: {T}he {S}cientific {B}asis, {T}echnical summary},
  publisher = 	 {http://www.ipcc.ch/pub/wg1TARtechsum.pfd},
  year =         {2001},
  notes =        {http://www.ipcc.ch/pub/wg1TARtechsum.pfd},
}
@Book{IPCC:2013,
  author =       {Stocker, T. F. and D. Qin and G.-K. Plattner and M. Tignor and S. K. Allen and J. Boschung and A. Nauels and Y. Xia and V. Bex and P. M. Midgley (eds.)},
  title =        {The Physical Science Basis. Contribution of Working Group I to the Fifth Assessment Report of the Intergovernmental Panel on Climate Change},
  publisher = 	 {Cambridge University Press, Cambridge, United Kingdom and New York, NY, USA},
  year =         {2007},
  pages =	{1535},
}

@Book{IPCC:2007,
  author =       {Solomon, S. and D. Qin and M. Manning and Z. Chen and M. Marquis and K.B. Averyt and M. Tignor and H. L. Miller (eds.)},
  title =        {Contribution of Working Group I to the Fourth Assessment Report of the Intergovernmental Panel on Climate Change},
  publisher = 	 {Cambridge University Press, Cambridge, United Kingdom and New York, NY, USA},
  year =         {2007},
  notes =        {http://www.ipcc.ch/publications_and_data/publications_ipcc_fourth_assessment_report_wg1_report_the_physical_science_basis.htm},
}

@Article{isach:etal:2003,
  author = 	 {Isachsen, P.E. and J.H. LaCasce and C. Mauritzen and S. Hakkinen},
  title = 	 {Wind-forced barotropic flow in sub-polar regions},
  journal = 	 {J. Phys. oceanogr.},
  year = 	 {2003},
  volume = 	 {33},
  pages = 	 {2534-2550},
}

@Article{ivche:etal:1997,
  author = 	 {Ivchenko, V. O. and A. M. Treguir and S. E. Best},
  title = 	 {Modeling the seasonal undercurrent in the Somali Current System},
  journal = 	 {J. Phys. oceanogr.},
  year = 	 {1997},
  volume = 	 {27},
  pages = 	 {5-22},
}

%%%%%%%%%%%%%%%%%%%%%%%%%%%%%%%%% J %%%%%%%%%%%%%%%%%%%%%%%%%%%%%%%%%%%%%%%%
@Article{jamar:ozer:1986,
  author = 	 {Jamart, B. M. and J. Ozer},
  title = 	 {Numerical Boundary Layers and Spurious Residual Flows},
  journal = 	 {J. Geophys. Res.},
  year = 	 {1986},
  volume = 	 {91},
  pages = 	 {10,621-10,631},
}

@Article{james:1991,
  author = 	 {James, I.D.},
  title = 	 {A primitive equation model simulation of eddies in the {N}orwegian {C}oastal {C}urrent},
  journal = 	 {J. Phys. Oceanogr.},
  year = 	 {1991},
  volume = 	 {21},
  pages = 	 {893-902},
}

@TechReport{jenki:etal:2001,
  author       = {Jenkins, A. D. and H. Engedahl and B. Hackett and B. Å. Hjøllo},
  title        = {Validation of water level predictions in {N}orwegian waters},
  type         = {Research Report No. 105},
  institution  = {Norwegian Meteorological Institute, Oslo, Norway},
  page         = {94 pp.},
  year         = {2001},
}

@InCollection{jense:1986,
  author = 	 {Jensen, T. G.},
  title = 	 {Application of multi-level techniques to the {S}tommel problem with irregular boundaries.}, 
  booktitle =    {Advanced Physical Oceanographic Numerical Modelling},
  publisher = {American Geophys. Union},
  year = 	 {1986},
  editor = 	 {J. J. O'{B}rien},
  volume = 	 {186},
  series = 	 {NATO ASI Series C},
  pages = 	 {87-109},
}

@Article{jense:1991,
  author = 	 {Jensen, T. G.},
  title = 	 {Modeling the seasonal undercurrent in the Somali Current System},
  journal = 	 {J. Geoph. Res.},
  year = 	 {1991},
  volume = 	 {96},
  number =       {C12},
  pages = 	 {22,151-22,167},
}

@TechReport{johan:mork:1979,
  author       = {Johannessen, O. M. and M. Mork},
  title        = {Remote sensing experiments in the {N}orwegian coastal waters},
  number       = {Report No. 3/9},
  institution  = {Geophysical Institute, University of Bergen, Norway},
  year         = {1979},
}

@Article{johan:etal:1983,
  author = 	 {Johannessen, O. M. and J. A. Johannessen and J. Morison and B. Farrally and E. Svendsen},
  title = 	 {Oceanographic conditions in the marginal ice zone north of {S}valbard in early fall of 1979 with emphasis on mesoscale processes},
  journal = 	 {J. Geoph. Res.},
  year = 	 {1983},
  volume = 	 {88},
  pages = 	 {2755-2769},
}

@Article{johan:etal:1987,
  author = 	 {Johannessen, O. M. and J. A. Johannessen and E. Svendsen and R. Shuchmann and T. Manley and W. J. Campbell, E. G. Josberger and S. Sandven and J. C. Gascard and T. Olaussen and K. Davidson and J. vanLeer},
  title = 	 {Mesoscale eddies in the Fram Strait marginal ice zone during the 1983 and 1984 marginal ice zone experiment},
  journal = 	 {J. Geoph. Res.},
  year = 	 {1987},
  volume = 	 {92},
  pages = 	 {6754-6772},
}

@Article{johan:etal:1989,
  author = 	 {Johannessen, J.A. and E. Svendsen and S. Sandven and O. M. Johannessen and K. Lygre},
  title = 	 {3-Dimensional structure of mesoscale eddies in the {N}orwegian {C}oastal {C}urrent},
  journal = 	 {J. Phys. Oceanogr.},
  year = 	 {1989},
  volume = 	 {19},
  pages = 	 {3-19},
}

@InProceedings{johan:etal:2006,
 author =       {Johannessen, J. A. and B. Hackett and E. Svendsen and H. Søiland and L. P. R{\o}ed and N. G. Winther and J. Albretsen and D. Danielsen and L. Pettersson and M. Skogen and L. Bertino},
 title =        {Monitoring of the {N}orwegian coastal zone environment - the {MONCOZE} approach}, 
 booktitle =    {European Operational Oceanography: Present and Future, Proceedings of the 4th International Conference o
n EuroGOOS, 6-9 June 2005, Brest, France},
 pages =        {809-815},
 year =         2006,
 editor =       {H. Dahlin and N. C. Flemming and P. Marchand and S. E. Petersson},
 publisher =    {EuroGOOS Office, SMHI, and European Commission Research Directorate},
}

@InCollection{johan:etal:2007,
 author      =  {Johannessen, J. A. and B. Hackett and E. Svendsen and H. S{\o}iland 
                 and L. P. R{\o}ed and N. Winther and J. Albretsen and D. Danielsen 
                 and L. Petterson and M. Skogen and L. Bertino},
 title       =  {Operational oceanography - {C}hallenges and possibilities},
 booktitle   =  {The {N}orwegian {C}oastal {C}urrent - {O}ceanography and {C}limate},
 year        =  {2007},
 editor      =  {R. S{\ae}tre},
 publisher   =  {Tapir {A}cademic {P}ress, {T}rondheim, Norway},
 pages       =  {139-150},
}

@Article{jones:etal:1995,
  author = 	 {Jones, R. G. and J. M. Murphy and M. Noguer},
  title = 	 {Simulation of climate-change over Europe using a nested regional-climate model. 1. Assesment of control climate, including sensitivity to location of lateral boundaries},
  journal = 	 {Q. J. Roy. Met. Soc.},
  year = 	 {1995},
  volume = 	 {121B},
  pages = 	 {1413-1449},
}

@Article{jones:etal:1997,
  author = 	 {Jones, R. G. and J. M. Murphy and M. Noguer and A. B. Keen},
  title = 	 {Simulation of climate change over Europe using a nested regional-climate model. 2. Comparison of driving and regional model responses to a doubling of carbon dioxide}, 
  journal = 	 {Q. J. Roy. Met. Soc.},
  year = 	 {1997},
  volume = 	 {123B},
  pages = 	 {265-292},
}

%%%%%%%%%%%%%%%%%%%%%%%%%%%%%%%%% K %%%%%%%%%%%%%%%%%%%%%%%%%%%%%%%%%%%%%%%%
@Misc{kalle:1996,
  author =       {Källen, E},
  title =        {HIRLAM documentation manual, System 2.5},
  year =         {1996},
  note =         {Available from SMHI, SE-60176, Sweden},
}
 
@Article{kalma:1960,
  author = 	 {Kalman, R. E.},
  title = 	 {A new approach to linear filtering and prediction problems},
  journal = 	 {Trans. ASME, Ser. D},
  year = 	 {1960},
  volume = 	 {82}, 
  pages = 	 {95-108},
}

@Article{kang:fring:2012,
  author = 	{Kang, D. V. and O. Fringer},
  title =	{Energetics of barotropic and baroclinic tides in the monterey bay area},
  journal = 	{J. Phys. Oceanogr.}, 
  volume =	{42}, 
  pages =	{272-290}, 
  year =	{2012},
  doi =		{http://dx.doi.org/10.1175/JPO-D-11-039.1},
}

@Article{kangas_06,
  author = 	{Kangas, T. V. and E. Svendsen and {\O}. Strand},
  title =	{Normalverdier for saltholdighet og temperatur i {H}avforskningsinstituttets faste snitt},
  journal = 	{Fisken og Havet}, 
  volume =	{6/2006}, 
  pages =	{53pp}, 
  year =	{2006},
  note =	{In {N}orwegian},
}

@Article{kara:hurlb:2006,
  author = 	 {Kara, B. A. and H. E. Hurlburt},
  title = 	 {Daily inter-annual simulations of {SST} and {MLD} using atmospherically-forced {OGCM}s: {M}odel evaluation in comparison to buoy time series},
  journal = 	 {J. Mar. Sys.},
  year = 	 {2006},
  volume = 	 {62}, 
  pages = 	 {95-119},
}

@Article{kara:etal:2000,
  author = 	 {Kara, B. A. and P. A. Rochford and H. E. Hurlburt},
  title = 	 {Efficient and accurate bulk parameterizations of air-sea fluxes for use in general circulation models},
  journal = 	 {J. Atmos. Ocean. Tech.},
  year = 	 {2000},
  volume = 	 {17}, 
  pages = 	 {1421-1438},
}

@Article{kara:etal:2002,
  author = 	 {Kara, B. A. and P. A. Rochford and H. E. Hurlburt},
  title = 	 {Air-sea flux estimates and the 1997-1998 {ENSO} event},
  journal = 	 {Boundary -Layer Meteor.},
  year = 	 {2002},
  volume = 	 {103}, 
  pages = 	 {439-458},
}

@Article{kasah:1974,
  author = 	 {Kasahara, A.},
  title = 	 {Various vertical coordinate systems used for Numerical Weather Prediction},
  journal = 	 {Mon. Wea. Rev.},
  year = 	 {1974},
  volume = 	 {102}, 
  pages = 	 {509-522},
}

@Article{kindl:thomp:1989,
  author = 	 {Kindle, J. C. and J. D. Thompson},
  title = 	 {The 26- and 50- day oscillation in the western {I}ndian {O}cean: {M}odel results},
  journal = 	 {J. Geophys. Res.},
  year = 	 {1989},
  volume = 	 {94}, 
  pages = 	 {4721-4736},
}

@Book{kitai:1973,
  author     =   {Kitaigorodskii, S. A.},
  title      =   {The physics of Air-Sea Interaction (translated from {R}ussian)},
  publisher  =   {Israel Program for Scientific Translation},
  year       =   {1973},
}

@Article{kohl:2007,
  author = 	 {K{\"o}hl, A.},
  title = 	 {Generation and stability of a quasi-permanent vortex in the {L}ofoten {B}asin},
  journal = 	 {J. Phys. Oceanogr.},
  year = 	 {2007},
  volume = 	 {37}, 
  pages = 	 {2637-2651},
  doi =          {10.1175/2007/JPO3694.1},
}

@TechReport{koltz:etal:2003,
  author = 	 {K{\o}ltzow, M. {\O}. and S.H. Eastwood and J. E. Haugen},
  title = 	 {Parameterization of snow and sea ice albedo in climate models},
  type =         {Research Report Series},
  institution =  {Norwegian Meteorological Institute, P.O. Box 43 Blindern, 0313 Oslo, Norway},
  year = 	 {2003},
  number = 	 {149},
}

@TechReport{koltz:2006,
  author = 	 {K{\o}ltzow, M. {\O}.},
  title = 	 {The effect of a new snow and sea ice albedo scheme on regional climate model simulations, version 1},
  type =         {Reg{C}lim {P}hase {III} - {G}eneral {T}echnical {R}eport {S}eries No.},
  institution =  {Norwegian Meteorological Institute, P.O. Box 43 Blindern, 0313 Oslo, Norway},
  year = 	 {2005},
  number = 	 {9},
  pages =        {103-130},
}


@Article{koltz:2007,
  author = 	 {K{\o}ltzow, M. {\O}.}, 
  title = 	 {The effect of a new snow and sea ice albedo scheme on regional climate model simulations},
  journal = 	 {J. Geophys. Res.},
  year = 	 {2007},
  volume = 	 {112}, 
  pages =        {81-91},
  doi = 	 {10.1029/2006JD007693},
}

@Article{kosza:lacas:2010,
  author = 	 {Koszalka, I. M. and J. H. LaCasce},
  title = 	 {Lagrangian analysis by clustering},
  journal = 	 {Ocean Dyn.},
  year = 	 {2010},
  volume = 	 {60}, 
  pages = 	 {957-972}, 
  doi = 	 {10.1007/s10236-010-0306-2}, 
}

@Article{kosza:etal:2011,
  author = 	 {Koszalka, I. M. and J. H. LaCasce and M. Andersson and K. A. Orvik and C. Mauritzen},
  title = 	 {Surface circulation in the {N}ordic {S}eas from clustered drifters},
  journal = 	 {Deep Sea Res. I},
  year = 	 {2011},
  volume = 	 {58(4)}, 
  pages = 	 {468-485}, 
  doi = 	 {10.1016/j.dsr.2011.01.007}, 
}

@MastersThesis{krist:2010,
  author = 	 {Kristensen, N. M.},
  title = 	 {Weather routing: Sensitivity to ensemble wind and current input},
  school = 	 {Department of Geosciences - Meteorology and Oceanography section, University of Oslo, Norway},
  year = 	 {2010},
  month = 	 {May},
}

@TechReport{krist:roed:2012,
  author = 	 {Kristensen, N. M. and L. P. R{\o}ed},
  title = 	 {Ba{SIC} validation - Addendum 1},
  type =         {met.no note no. 7/2012},
  institution =  {Norwegian Meteorological Institute, P.O. Box 43 Blindern, 0313 Oslo, Norway},
  year = 	 {2012},
  pages =        {11},
}

@TechReport{krist:etal:2013,
  author = 	 {Kristensen, N. M. and A. Melsom and Y. Gusdal and L. P. R{\o}ed and B. {\AA}dlandsvik and J. Albretsen},
  title = 	 {Ba{SIC} validation - Addendum 1},
  type =         {MET report no. 32/2013},
  institution =  {Norwegian Meteorological Institute, P.O. Box 43 Blindern, 0313 Oslo, Norway},
  year = 	 {2013},
  pages =        {39},
}

@TechReport{krist:etal:2014,
  author =	{Kristensen, N. M. and L. P. R{\o}ed and A. Melsom and Y. Guddal and B. {\AA}dlandsvik and J. Albretsen},
  title =	{Ba{SIC} {V}alidation - {A}ddendum 2},
  year =	{2014},
  type =	{MET Norway Report},
  number =	{11/2014}, 
  institution =  {{N}orwegian {M}eteorological {I}nstitute, Postboks 43 Blindern, N-0313 Oslo, Norway},
}

@Article{kushn:1995,
  author = 	 {Kushner, P.},
  title = 	 {A generalized {C}harney-{S}tern theorem for semi-geostrophic dynamics},
  journal = 	 {Tellus},
  year = 	 {1995},
  volume = 	 {47}, 
  pages = 	 {541-547},
}

@PhdThesis{kvale:2004,
  author = 	 {Kvaleberg, E.},
  title = 	 {Generation of cold core filaments and eddies through baroclinic instability on a continental shelf},
  school = 	 {College of Arts and Sciences, The Florida State University, USA},
  year = 	 {2004},
  month = 	 {April},
}

@InCollection{kving:2005,
  author = 	 {Kvingedal, B.},
  year =         {2005},
  title = 	 {Sea-Ice Extent and Variability in the {N}ordic {S}eas, 1967-2002},
  booktitle =    {The Nordic Seas: An Integrated Perspective, {G}eophysical Monograph Series Vol. 158},
  editor =       {H. Drange and T. Dokken and T. Furevik and R. Gerdes and W. Berger},
  publisher =    {American Geophysical Union},
  address =      {Washington, DC}, 
}

%%%%%%%%%%%%%%%%%%%%%%%%%%%%%%%%% L %%%%%%%%%%%%%%%%%%%%%%%%%%%%%%%%%%%%%%%%
@Article{lacas:1998,
  author = 	 {LaCasce, J.H.}, 
  title = 	 {A geostrophic vortex on a slope},
  journal = 	 {J. Phys. Oceanogr.},
  year = 	 {1998},
  volume = 	 {28}, 
  pages = 	 {2362-2381},
}

@Unpublished{lacas:2009,
  author = 	 {LaCasce, J. H.},
  title = 	 {Atmosphere-Ocean Dynamics},
  note = 	 {{C}lass notes {GEF}4500, {D}ept. of {G}eosciences, {U}niversity of {O}slo, {N}orway}, 
  year = 	 {2009},
  month = 	 {Fall},
  key = 	 {12th November 2009},
}

@Article{lacas:2005,
  author =	{LaCasce, J. H.},
  title =	{Statistics of low frequency currents over the western {N}orwegian shelf and slope {I}: current meters},
  journal =	{Ocean Dyn.},
  year =	{2005},
  volume =	{55},
  pages =	{213-221, doi 10.1007/s10236-005-0021-6},
}

@Article{lacas:brink:2000,
  author = 	 {LaCasce, J.H. and K.H. Brink}, 
  title = 	 {Geostrophic turbulence over a slope},
  journal = 	 {J. Phys. Oceanogr.},
  year = 	 {2000},
  volume = 	 {30}, 
  pages = 	 {1305-1324},
}

@Article{lacas:enged:2005,
  author =	{LaCasce, J. H. and H. Engedahl},
  title =	{Statistics of low frequency currents over the western {N}orwegian shelf and slope {II}: Model},
  journal =	{Ocean Dyn.},
  year =	{2005},
  volume =	{55},
  pages =	{222-237},
  doi =		{10.1007/s10236-005-0022-5},
}

@TechReport{lacas:etal:2007,
  author =	{LaCasce, J. H. and L. P. R{\o}ed and L. Bertino and B. Ådlandsvik},
  title =	{{CONMAN} {T}echnical {R}eport {N}o. 2: Analysis of model results},
  institution =  {Norwegian Meteorological Institute, P.O. Box 43 Blindern, 0313 Oslo, Norway},
  year =	{2007},
  type =	{met.no Report},
  number =	{5/2007},
  note =	{{ISSN} 1503-8025},
}

@article{lacas:etal:2014,
  title={Float-derived isopycnal diffusivities in the DIMES experiment},
  author={LaCasce, JH and Ferrari, R and Marshall, J and Tulloch, R and Balwada, D and Speer, K},
  journal={Journal of Physical Oceanography},
  volume={44},
  number={2},
  pages={764--780},
  year={2014}
}

@Article{lange:1998,
  author = 	 {Langenberg, H. },
  title = 	 {Features of coastal current instabilities in the {N}orth {S}ea: {R}esults of a numerical model},
  journal = 	 {J. Geophys. Res.},
  year = 	 {1998},
  volume = 	 {103}, 
  pages = 	 { 7681-7691},
}

@Article{lange:etal:1999,
  author = 	 {Langenberg, H. and A. Pfizenmayer and H. von Storch and J. Sündermann}, 
  title = 	 {Storm-related sea level variations along the {N}orth {S}ea coast: natural variability and anthropogenic change},
  journal = 	 {Cont. Shelf. Res.},
  year = 	 {1999},
  volume = 	 {19}, 
  pages = 	 {821-842},
}

@Article{large:pond:1981,
  author = 	 {Large, W. G. and S. Pond },
  title = 	 {Open ocean momentum flux measurements in moderate to strong winds},
  journal = 	 {J. Phys. Oceanogr.},
  year = 	 {1981},
  volume = 	 {11}, 
  pages = 	 {324-336},
}

@Article{large:etal:1994,
  author =	{Large, W. G. and J. C. McWilliams and S. C. Doney},
  title =	{Oceanic vertical mixing: A review and a model with a vertical K-profile boundary layer parameterization.},
  journal =	{Rev. Geophys.},
  year =	{1994},
  volume =	{32},
  pages =	{363-403},
}

@Article{large:etal:1997,
  author = 	 {Large, W. G. and G. Danabasoglu and S.C. Doney and J.C. McWilliams },
  title = 	 {Sensitivity to surface forcing and boundary layer mixing in a global ocean model: {A}nnual-mean climatology.},
  journal = 	 {J. Phys. Oceanogr.},
  year = 	 {1997},
  volume = 	 {27},
  pages = 	 {2418-2447},
}

; , .  (1956), 267--293, doi:

@Article{lax:richt:1956,
  author =	{Lax, P. D. and R. D. Richtmyer},
  title = 	{Survey of the stability of linear finite difference equations},
  journal = 	{Comm. Pure Appl. Math},
  year = 	{1956},
  volume = 	{9},
  pages = 	{267-293 MR 79204},
  doi =		{10.1002/cpa.3160090206},
}

@Article{lax:wendr:1960,
  author = 	{Lax, P. and B. Wendroff },
  title = 	{Systems of conservation laws},
  journal = 	{Comm. Pure Appl. Math},
  year = 	{1960},
  volume = 	{13},
  pages = 	{217-237},
}

@Article{lepla:etal:2009,
 author =        {Lepland, Ai. and R. B{\o}e and Aa. Lepland and O. Totland},
 title =         {Monitoring the volume and lateral spread of disposed sediments by acoustic methods, {O}slo {H}arbor, {N}orway},
 journal =       {J. Environ. Manage.},
 volume =        {90},
 pages =         {3589-3598},
 year =          {2009},
 number =        {11},
 issn =          {0301-4797},
 note =		{doi: 10.1016/j.jenvman.2009.06.013},
}
% url =           {http://www.sciencedirect.com/science/article/pii/S0301479709002308},

@Article{liang:robin:2004,
  author =       {Liang, X. S. and A. R. Robinson},
  title =        {A study of the {I}celand-{F}aroe frontal variability using multiscale energy and vorticity analysis},
  journal =      {J. Phys. Oceanogr.},
  year =         {2004},
  volume =       {34},
  pages =        {2571-2591},
}

@Article{liang:robin:2005,
  author =       {Liang, X. S. and A. R. Robinson},
  title =        {Localized multiscale energy and vorticity analysis: I. Fundamentals},
  journal =      {Dyn. Atmos. Oceans},
  year =         {2005},
  volume =       {38},
  pages =        {195-230},
}

@Article{lien:etal:2013,
  author = 	{Lien, V. S. and F. B. Vikeb{\o} and {\O}. Skagseth},
  title =	{One mechanism contributing to covariability between {A}tlantic inflow branches to the {A}rctic},
  journal = 	{Nat. Commun.}, 
  volume =	{4}, 
  pages =	{14880},
  year =	{2013},
}

@article{lien:etal:2014,
year =		{2014},
issn =		{1616-7341},
journal =	{Ocean Dyn.},
volume =	{64},
number =	{7},
doi =		{10.1007/s10236-014-0736-3},
title =		{Along-shelf hydrographic anomalies in the {N}ordic {S}eas (1960-2011): locally generated or advective signals?},
url =		{http://dx.doi.org/10.1007/s10236-014-0736-3},
publisher =	{Springer Berlin Heidelberg},
keywords = 	{Atlantic water; Basin-shelf exchange},
author =	{Lien, V. and Y. Gusdal and and F. Vikeb{\o}},
pages =		{1047-1059},
language =	{English},
}

@Article{light:1969,
  author = 	 {Lighthill, M. J.},
  title = 	 {Unsteady wind-driven ocean currents},
  journal = 	 {Quart. J. R. Met. Soc.},
  year = 	 {1969},
  volume = 	 {95},
  pages = 	 {675-688},
}

@Book{light:1970,
  author = 	 {Lighthill, M. J.},
  title = 	 {Fourier analysis and generalised functions},
  publisher = 	 {Cambridge University Press},
  year = 	 {1970},
  note = 	 {{F}irst printed 1958},
}

@Article{lin:etal:2009,
  author = 	 {Lin, JY. and R. J. Greatbatch and J. Sheng}, 
  title = 	 {A model study of the vertically integrated transport variability through the {Y}ucatan {C}hannel: Role of {L}oop {C}urrent evolution and flow compensation around {C}uba},
  journal = 	 {J. Geophys. Res.},
  year = 	 {2009},
  volume = 	 {114}, 
  eid =          {C08003},
  doi = 	 {10.1029/2008JC005199},
}

@InCollection{liste:1966,
  author = 	 {Lister, M.},
  title = 	 {The numerical solution of hyperbolic partial differential equations by the method of characteristics},
  booktitle = 	 {Mathematical {M}ethods for {D}igital {C}omputers},
  year = 	 {1966},
  editor =       {A. Ralston and H. S. Wilf},
  publisher = 	 {John Wiley, New York},
}

@Article{liu:etal:2007,
  author = 	 {Liu, J.P. and Z.H. Zhang and J. Inoue and R.M. Horton}, 
  title = 	 {Evaluation of snow/ice albedo parameterizations and their impacts on sea ice simulations},
  journal = 	 {Int. J. Climatol.},
  year = 	 {2007},
  volume = 	 {27}, 
  eid =          {D07110},
  doi = 	 {10.1002/joc.1373},
}

@Article{loren:1955,
  author = 	 {Lorenz, E. N. },
  title = 	 {Available potential energy and the maintenance of the general circulation.},
  journal = 	 {Tellus},
  year = 	 {1955},
  volume = 	 {2},
  pages = 	 {157-167},
}

@Article{lowe:etal:2001,
  author = 	 {Lowe, J A and J M Gregory and R A Flather},
  title = 	 {Changes in the occurence of storm surges around the {U}nited {K}ingdom under a future climate scenario using a dynamic storm surge model driven by the {H}adley {C}entre climate model},
  journal = 	 {Clim. Dyn.},
  year = 	 {2001},
  volume = 	 {18},
  pages = 	 {179-188},
}

@Article{luthe:obrie:1985,
  author = 	 {Luther, M. E. and J. J. O'Brien},
  title = 	 {A model of the seasonal circulation in the {A}rabian {S}ea forced by observed winds},
  journal = 	 {Progr. Oceanogr.},
  year = 	 {1985},
  volume = 	 {14},
  pages = 	 {353-385},
}

@Book{lynch:davie:1995,
  author = 	 {Lynch, D. R. and A. M. Davies},
  title = 	 {{Q}uantitative {S}kill {A}ssessment for {C}oastal {O}cean {M}odels},
  publisher = 	 {American Geophysical Union},
  series = 	 {Coastal and Estuarine Studies},
  volume = 	 {47},
  year = 	 {1995},
}

%%%%%%%%%%%%%%%%%%%%%%%%%%%%%%%%% M %%%%%%%%%%%%%%%%%%%%%%%%%%%%%%%%%%%%%%%%
@ARTICLE {malri:etal:1989,
  AUTHOR =       {Malanotte-Rizzoli, P. and R. E. Young and D. B. Haidvogel},
  TITLE =        {Initialization and data assimilation experiments with a primitive equations model},
  JOURNAL =      {Dyn. Atmos. Oceans},
  VOLUME =       {13},
  PAGES =        {349-378},
  YEAR =         {1989},
}

@ARTICLE {march:etal:2001,
  AUTHOR =	{Marchesiello, P. and J. C. McWilliams and A. F. Shchepetkin},
  TITLE =	{Open boundary conditions for long-term integration of regional ocean models},
  JOURNAL =	{Ocean Modell.},
  VOLUME =	{3},
  PAGES =	{1-20},
  YEAR =	{2001},
  doi =		{10.1016/S1463-5003(00)00013-5},
}

@ARTICLE {march:etal:2003,
  AUTHOR =	{Marchesiello, P. and J. C. McWilliams and A. F. Shchepetkin},
  TITLE =	{Equilibrium structure and dynamics of the California Current System},
  JOURNAL =	{J. Phys. Oceanogr.},
  VOLUME =	{33},
  PAGES =	{753-783},
  YEAR =	{2003},
  doi =		{http://dx.doi.org/10.1175/1520-0485(2003)33<753:ESADOT>2.0.CO;2},
}

@ARTICLE {march:etal:2009,
  AUTHOR =	{Marchesiello, P. and L. Debreu and X. Couvelard},
  TITLE =	{Spurious diapycnal mixing in terrain-following coordinate models: The problem and a solution},
  JOURNAL =	{Ocean Modell.},
  VOLUME =	{26},
  PAGES =	{156-169},
  YEAR =	{2009},
  doi =		{10.1016/j.ocemod.2008.09.004},
}

, 2011. .  39, .

@ARTICLE {march:etal:2011,
  AUTHOR =	{Marchesiello, P. and X. Capet and C. Menkes and S. C. Kennan},
  TITLE =	{Submesoscale dynamics in tropical instability waves},
  JOURNAL =	{Ocean Modell.},
  VOLUME =	{39},
  PAGES =	{31-46},
  YEAR =	{2011},
  doi =		{10.1016/j.ocemod.2011.04.011},
}

@Article{marsh:etal:2001,
  author =	{Marshall, J. and D. Jamous and J. Nilsson},
  title =	{Entry, flux, and exit of potential vorticity in ocean circulation},
  journal =	{J. Phys. Oceanogr.},
  year =	{2001},
  volume =	{31},
  pages =	{777-789},
}

@Article{marti:enged:1987,
  author = 	 {Martinsen, E. A. and H. Engedahl },
  title = 	 {Implementation and testing of a lateral boundary scheme as an open boundary condition in a barotropic ocean model.},
  journal = 	 {Coast. Eng.},
  year = 	 {1987},
  volume = 	 {11},
  pages = 	 {603-627},
}

@Article{marti:etal:1979,
  author = 	 {Martinsen, E. A. and B. Gjevik and L. P. R{\o}ed},
  title = 	 {A Numerical Model for Long Barotropic Waves and Storm Surges along the Western Coast of Norway},
  journal = 	 {J. Phys. Oceanogr.},
  year = 	 {1979},
  volume = 	 {9},
  pages = 	 {1126-1138},
}

@TechReport{marti:etal:1992,
  author = 	 {Martinsen, E. A. and H. Engedahl and G. Ottersen and B. {\AA}dlandsvik and H. Loeng and B. Balino },
  title = 	 {Metocean {MO}deling {P}roject, {C}limatological and hydrographical data for hindcast of ocean currents.},
  institution =  {Norwegian Meteorological Institute, P.O. Box 43 Blindern, 0313 Oslo, Norway},
  year = 	 {1992},
  number = 	 {100},
}

@TechReport{marti:etal:1995,
  author = 	 {Martinsen, E. A. and H. Engedahl and B. Hackett and H. Tønnesen and O. Høvik and  B. {\AA}dlandsvik},
  title = 	 {Metocean {MO}deling {P}roject: {H}indcast simulations of the ocean response to storm events for the 
                 {H}altenbanken, the {V}øringsplateau and the Barents Sea},
  type         = {Research Report No. 6},
  institution  = {Norwegian Meteorological Institute, Oslo, Norway},
  year         = {1995},
}

@article{marti:batte:2006,
  author =       {Martinho, A. S.  and M. L. Batteen},
  title =        {On reducing the slope parameter in terrain-following numerical ocean models},
  journal =      {Ocean Modelling},
  year =         {2006},
  volume =       {13},
  number =       {2},
  pages =        {166 - 175},
  doi =          {10.1016/j.ocemod.2006.01.003},
}

@Article{mason:etal:2010,
  author = 	 {Mason, E. and J. Molemaker and A. F. Shchepetkin and F. Colas and J. McWilliams},
  title = 	 {Procedures for offline grid nesting in regional ocean models},
  journal = 	 {Ocean Modell.},
  year = 	 {2010},
  volume = 	 {35},
  pages = 	 {1-15},
  doi =          {10.1016/j.ocemod.2010.05.007},
}

@Article{matts:1996,
  author = 	 {Mattson, J.},
  title = 	 {Some comments on the barotropic flow through the {D}anish Straits and the division of the flow between the Belt Sea and {{\O}}resund},
  journal = 	 {Tellus},
  year = 	 {1996},
  volume = 	 {48},
  pages = 	 {456-464},
}

@Article{mauri:1996,
  author = 	 {Mauritzen, C.},
  title = 	 {Production of dense overflow waters feeding the {N}orth {A}tlantic across 
                  the {G}reenland-{S}cotland {R}idge. Part 1: Evidence for a revised circulation scheme},
  journal = 	 {Deep Sea Research},
  year = 	 {1996},
  volume = 	 {43},
  pages = 	 {769-806},
}

@Article{mauri:etal:2011,
  author =       {Mauritzen, C. and E. Hansen and M. Andersson and B. Berx and A. Beszczynska-M{\"o}ller and I. Burud and K. H. Christensen and J. Debernard and L. de Steur and P. Dodd and S. Gerland and {\O}. God{\o}y and B. Hansen and S. Hudson and F. H{\o}ydalsvik and R. Ingvaldsen and P. E. Isachsen and Y. Kasajima and I. Koszalka and K. M. Kovacs and M. K{\o}ltzow and J.H. LaCasce and C. M. Lee and T. Lavergne and C. Lydersen and M. Nicolaus and F. Nilsen, O. A. N{\o}st and K. A. Orvik and M. Reigstad and H. Schyberg and L. Seuthe and {\O}. Skagseth and J. Skar$\eth$hamar and R. Skogseth and A. Sperrevik and C. Svensen and H. S{\o}iland and S.H. Teigen and V. Tverberg and C. Wexels Riser},
  title = 	 {Closing the loop: {A}pproaches to monitoring the state of the {A}rctic {M}editerranean during the {I}nternational {P}olar {Y}ear 2007-2008},
  journal = 	 {Progress in Oceanography},
  year = 	 {2011},
  volume = 	 {90},
  pages = 	 {62-89},
  doi = 	 {10.1016/j.pocean.2011.02.010},
}

@Article{mccar:mauri:2001,
  author = 	 {McCartney, M. S. and C. Mauritzen},
  title = 	 {On the origin of the warm inflow to the {N}ordic {S}eas},
  journal = 	 {Progress in Oceanography},
  year = 	 {2001},
  volume = 	 {51},
  pages = 	 {125-214},
}

@TechReport{mccli:etal:1992,
  author = 	 {McClimans, T. A. and L. P. R{\o}ed and A. Thendrup},
  title = 	 {Fjord water quality/ecological modelling. {S}tate of the art and needs},
  institution =  {Royal {N}orwegian {C}ouncil for {S}cientific and {I}ndustrial {R}esearch},
  year = 	 {1992},
  note = 	 {{P}rogramme on {M}arine {P}ollution, 54 p. + appendices and attachments, {I}SBN 82-7224-335-0},
}

@InCollection{mcave:2001,
  author = 	 {McAveney, B. J. and C. Covey and S. Joussaume and V. Kattsov and A. Kitoh and W. Ogana and A. J. Pitman and A. J. Weaver and R. A. Wood and Z.-C. Zhao},
  title = 	 {Model evaluation}, 
  booktitle = 	 {Climate {C}hange 2001: The {S}cientific {B}asis},
  publisher =    {Cambridge University Press},
  year = 	 {2001},
  editor = 	 {Houghton, J. T. and et al.},
}

@Article{mccre:kundu:1988,
  author = 	 {McCreary, J. P. and P. K. Kundu},
  title = 	 {A numerical investigation of the {S}omali {C}urrent during the southwest monsoon},
  journal = 	 {J. Mar. Res.},
  year = 	 {1988},
  volume = 	 {46},
  pages = 	 {25-58},
}

@Article{mccre:etal:1991,
  author = 	 {McCreary, J. P. and Y. Fukamachi and P. K. Kundu},
  title = 	 {A numerical investigation of jets and eddies near an eastern ocean boundary},
  journal = 	 {J. Geophys. Res.},
  year = 	 {1991},
  volume = 	 {96},
  pages = 	 {2515-2534},
}

@Article{mcdou:dewar:1998,
  author = 	 {McDougall, T. J. and W. K. Dewar},
  title = 	 {Vertical mixing cabbeling, and thermobaricity in layered models},
  journal = 	 {J. Phys. Oceanogr.},
  year = 	 {1998},
  volume = 	 {28},
  pages = 	 {1458-1480},
}

@Manual{mello:2004,
  title       =  {Users guide for a three-dimensional, primitive equation, numerical ocean model},
  author      =  {George L. Mellor},
  organization=  {Program in Atmospheric and Oceanic Sciences},
  address     =  {Princeton University, Princeton, NJ 08544-0710},
  month       =  {June},
  year        =  {2004}, 
}

@Article{mello:yamad:1974,
  author = 	 {Mellor, G. L. and T. Yamada},
  title = 	 {A hierarchy of turbulent closure models for planetary boundary layers.},
  journal = 	 {J. Atmos Sci.},
  year = 	 {1974},
  volume = 	 {13},
  pages = 	 {1791-1806},
}

@Article{mello:yamad:1982,
  author = 	 {Mellor, G. L. and T. Yamada},
  title = 	 {Development of a turbulence closure model for geophysical fluid problems},
  journal = 	 {Rev. Geophys. Space Phys.},
  year = 	 {1982},
  volume = 	 {20},
  pages = 	 {851-875},
}

@Article{mello:kanth:1989,
  author = 	 {Mellor, G. L. and L. Kantha },
  title = 	 {An ice-ocean coupled model},
  journal = 	 {J. Geophys. Res.},
  year = 	 {1989},
  volume = 	 {94}, 
  pages = 	 {10,937-10,954},
}

@Article{mello:etal:1994,
  author = 	 {Mellor, G. L. and T. Ezer and L.-Y. Oey},
  title = 	 {The pressure gradient conundrum of sigma coordinate ocean models},
  journal = 	 {J Atmos Ocean Technol},
  year = 	 {1994},
  volume = 	 {11},
  pages = 	 {1126-1134},
}

@Article{mello:etal:1989,
  author = 	 {Mellor, G. L. and M. Steele and L. Kantha},
  title = 	 {The role of the molecular sub-layer in the melting or freezing of sea-ice},
  journal = 	 {J. Phys. Oceanogr.},
  year = 	 {1989},
  volume = 	 {19},
  pages = 	 {139-147},
}

@TechReport{melso:1996,
  author = 	 {Melsom, A.},
  title = 	 {Realistic near-surface momentum mixing in the Princeton Ocean Model},
  institution =  {Norwegian Meteorological Institute},
  year = 	 {1996},
  OPTkey = 	 {ISSN 0332-9879},
  type = 	 {Researh Report},
  number = 	 {41},
  address = 	 {P.Box 43 Blindern, N-0313 Oslo, Norway},
}

@Article{melso:2005,
  author = 	 {Melsom, A.},
  title = 	 {Mesoscale activity in the {N}orth {S}ea as seen in ensemble simulations},
  journal = 	 {Ocean Dynamics},
  year = 	 {2005},
  volume = 	 {55},
  pages = 	 {338-350, doi 10.1007/s10236-005-0016-3},
}

@InProceedings{melso:2010,
  author = 	 {Melsom, A.},
  title = 	 {Validation of an ocean model ensemble}, 
  booktitle = 	 {Coastal to {G}lobal {O}perational {O}ceanography: {A}chievements and {C}hallenges, {P}roceedings of the 5th {I}nt. {C}onf. on {E}uroGOOS, {M}ay, 2008}, 
  year =         {2010},
  editor = 	 {Dahlin, H. and M. J. Bell and N. C. Flemming and S. E. Petersson},
  pages =	 {253-259},
  volume = 	 {EuroGoos Publ. No. 28},
  publisher =    {EuroGOOS {O}ffice, {SMHI}, 601 76 {N}orrkøping, {S}weden},
  note =         {{ISBN} 978-91-974828-6-8},
}

@InProceedings{melso:2015,
  author =	{Melsom, A.},
  title =	{An algorithm for generation of a hybrid sea surface salinity field},
  booktitle =	{Submitted to the Proceedings from the 7th {I}nt. {C}onf. on {E}uroGOOS 2014}, 
  year =	{2015},
}

@InProceedings{melso:gusda:2010,
  author = 	 {Melsom, A. and Y. Gusdal},
  title = 	 {A new method for assessing impacts of potential oil spills}, 
  booktitle = 	 {Coastal to {G}lobal {O}perational {O}ceanography: {A}chievements and {C}hallenges, {P}roceedings of the 5th {I}nt. {C}onf. on {E}uroGOOS, {M}ay, 2008}, 
  year =         {2010},
  editor = 	 {Dahlin, H. and M. J. Bell and N. C. Flemming and S. E. Petersson},
  pages =	 {531-535},
  volume = 	 {EuroGoos Publ. No. 28},
  publisher =    {EuroGOOS {O}ffice, {SMHI}, 601 76 {N}orrkøping, {S}weden},
  note =         {{ISBN} 978-91-974828-6-8},
}

@TechReport{melso:gusda:2015,
  author =	{Melsom, A. and Y. Gusdal},
  title =	{Evaluation of ocean currents from model simulations},
  institution =	{Norwegian Meteorological Institute},
  year =	{2015},
  OPTkey =	{ISSN 2387-4201},
  type =	{MET report},
  number =	{14/2015},
  pages =	{30},
  address =	{P.Box 43 Blindern, N-0313 Oslo, Norway},
}

@Booklet{mesin:araka:1976,
  author =       {Mesinger, F. and A. Arakawa},
  title =        {Numerical Methods Used in Atmospheric Models},
  howpublished = {{GARP} {P}ublication {S}eries {N}o. 17, 64 p.},
  year =         {1976},
  type =         {Scientific {R}eport, WMO-ICSU Joint Organizing Committee}, 
  address =      {World Meteorological Organization, Geneva, Switzerland},
}

@Article{mille:etal:1994,
  author =       {Miller, R. N. and M. Ghil and F. Gauthiez},
  title =        {Advanced data assimilation in strongly nonlinear dynamical systems},
  journal =      {J. Atmos. Sci.},
  year =         {1994},
  volume =       {51},
  pages =        {1037-1056},
}

@Article{mille:etal:1995,
  author =       {Miller, A. J. and H. G. Arango and A. R. Robinson and W. G. Leslie and P.-M. Poulain and A. Warn-Varnas},
  title =        {Quasigeostrophic forecasting and physical processes of Iceland-Faroe frontal variability},
  journal =      {J. Phys. Oceanogr.},
  year =         {1995},
  volume =       {25},
  pages =        {1273-1295},
}

@book{milli:etal:2011,
  title={River discharge to the coastal ocean: a global synthesis},
  author={Milliman, John D and Farnsworth, Katherine L},
  year={2011},
  publisher={Cambridge University Press}
}

@Article{molem:etal:2015,
  author =	{Molemaker, M. J. and J. McWilliams and W. Dewar},
  title =	{Submesoscale instability and generation of mesoscale anticyclones near a separation of the {C}alifornia {U}ndercurrent},
  journal =	{J. Phys. Oceanogr.},
  year =	{2015},
  volume =	{45},
  pages =	{613-629},
  doi =		{http://dx.doi.org/10.1175/JPO-D-13-0225.1},
}

@Article{morel:mcwil:2001,
  author =       {Morel, Y. and J. McWilliams},
  title =        {Effects of isopycnal and diapycnal mixing on the stability of ocean currents},
  journal =      {J. Phys. Oceanogr.},
  year =         {2001},
  volume =       {31},
  pages =        {2280-2296},
}

@InProceedings{mork:1980,
  author =	{Mork, M.},
  title       = {Experiments with theoretical models of the {N}orwegian {C}oastal {C}urrent},
  booktitle   = {The {N}orwegian {C}oastal {C}urrent}, 
  organization= {Proceedings from the {N}orwegian {C}oastal {C}urrent {S}ymposium, {G}eilo, 9-12 {S}ept. 1980, Vol. II},
  year        = {1980},
  editor      = {R. S{\ae}tre and M. Mork},
  pages       = {518-530},
  publisher   = {Geophysical {I}nstitute, {U}niversity of {B}ergen},
  address     = {{A}llegaten 70, {N}-5014 {B}ergen, {N}orway},
}

@Article{mork:1981,
  author      = {Mork, M.},
  title       = {Circulation phenomena and frontal dynamics of the {N}orwegian {C}oastal {C}urrent},
  journal     = {Phil. Trans. Roy. Soc. London. Series A: Math. Phys. Sci.},
  volume      = {302},
  year        = {1981},
  pages       = {635-647},
}

@InProceedings{mork:blind:2003,
  author =	{Mork, K. A. and J. Blindheim},
  title =	{Heat loss of the Norwegian Atlantic Current toward the Arctic},   
  booktitle =	{ICES Marine Science Symposia - 219},
  year =	{2003},
  pages       = {144-149},
}

@Article{mork:skags:2010,
  AUTHOR =	{Mork, K. A. and {\O}. Skagseth},
  TITLE =	{A quantitative description of the {N}orwegian {A}tlantic {C}urrent by combining altimetry and hydrography},
  JOURNAL =	{Ocean Science},
  VOLUME =	{6},
  YEAR =	{2010},
  NUMBER =	{4},
  PAGES =	{901-911},
  URL =		{http://www.ocean-sci.net/6/901/2010/},
  DOI =		{10.5194/os-6-901-2010},
}

@Article{mork_skagseth_10,
  author = 	{Mork, K. A. and {\O}. Skagseth},
  title =	{A quantitative description of the {N}orwegian {A}tlantic {C}urrent by combining altimetry and hydrography},
  journal = 	{Ocean Sci.}, 
  volume =	{6}, 
  pages =	{901-911},
  year =	{2010},
  URL =		{http://www.ocean-sci.net/6/901/2010/},
  DOI =		{10.5194/os-6-901-2010},
}

@Article{mork:etal:2014,
  author      = {Mork, K. A. and {\O}. Skagseth and V. Ivshin and V. Ozhigin and S. L. Hughes and H. Valdimarsson},
  title       = {Advective and atmospheric forced changes in heat and fresh water content in the {N}orwegian {S}ea, 1951-2010},
  journal     = {Geophys. Res. Lett.},
  volume      = {41},
  year        = {2014},
  pages       = {6221-6228},
  doi =		{10.1002/2014GL061038},
}

@Article{munch:garvi:1993,
  author      = {Munchow, A. and R.W. Garvine},
  title       = {Buoyancy and wind forcing of a coastal current},
  journal     = { J. Mar. Res.},
  volume      = {51},
  year        = {1993},
  pages       = {293-322},
}

@Article{mulle:etal:2015,
  author      = {M{\"u}ller, M. and M. Homleid and K.-I. Ivarsson and M. A. K{\o}ltzow and M. Lindskog and U. Andrae and T. Aspelien and D. Bj{\o}rge and P. Dahlgren and J. Kristiansen and R. Randriamampianina and M. Ridal and O. Vignes},
  title       = {{AROME}-{M}et{C}o{O}p: {A} {N}ordic convective scale operational weather prediction model},
  journal     = {Submitted},
  volume      = {-},
  year        = {2015},
  pages       = {-},
}

%%%%%%%%%%%%%%%%%%%%%%%%%%%%%%%%% N %%%%%%%%%%%%%%%%%%%%%%%%%%%%%%%%%%%%%%%%
@Article{napol:etal:2003,
  author = 	 {Napolitano, E. and G. Sannino and V. Artale and S. Marullo},
  title = 	 {Modelling the baroclinic circulation in the area of the {S}icily channel: {T}he role of stratification and energy diagnostics},
  journal = 	 {J. Geop},
  editor =       {R. S{\ae}tre and M. Mork},
  year = 	 {2003},
  volume = 	 {108},
  number = 	 {C7},
  pages = 	 {1-21}
}

@Article{navon:etal:2004,
  author = 	 {Navon, I. M. and B. Neta and M. Y. Hussaini},
  title = 	 {A perfectly matched layer approach to the linearized shallow water equations models},
  journal = 	 {Mon. Weath. Res.},
  year = 	 {2004},
  volume = 	 {132},
  number = 	 {6},
  pages = 	 {1369-1378}
}


%%%%%%%%%%%%%%%%%%%%%%%%%%%%%%%%% O %%%%%%%%%%%%%%%%%%%%%%%%%%%%%%%%%%%%%%%%
@Article{oberh:1993a,
  author =       {Oberhuber, J. M.},
  title =        {Simulation of the {A}tlantic circulation with a coupled sea ice-mixed layer-isopycnal general circulation model. {P}art I: {M}odel description},
  journal =      {J. Phys. Oceanogr.},
  year =         {1993},
  volume =       {23},
  pages =        {808-829},
}

@Article{oberh:1993b,
  author =       {Oberhuber, J. M.},
  title =        {Simulation of the {A}tlantic circulation with a coupled sea ice-mixed layer-isopycnal general circulation model. {P}art II: {M}odel experiment},
  journal =      {J. Phys. Oceanogr.},
  year =         {1993},
  volume =       {23},
  pages =        {830-845},
}

@Book{obrie:1986,
  editor =       {O'Brien, J. J.},
  title = 	 {Advanced Physical Oceanographic Numerical Modelling},
  publisher =    {D. Reidel Publishing Company},
  year =         {1986},
  volume =       {C 186},
  series =       {NATO ASI Series, Ser. C: Mathematical and Physical Sciences},
}

@InCollection{obrie:etal:1977,
  author =       {O'Brien, James J. and R. Michael Clancy and Allan J. Clarke and Michel Crepon and Russell Elsberry and Tor Gammelsr{\o}d and Malcolm MacVean, Lars Petter R{\o}ed and J. Dana Thompson},
  title = 	 {Upwelling in the ocean: Two- and three-dimensional models of upper ocean dynamics and variability},
  booktitle =    {Modelling and prediction of the upper layers of the ocean},
  year =         {1977},
  editor = 	 {E. B. Kraus},
  pages =        {178-228},
  publisher =    {Pergamon Press Oxford \& New York},
}
@Article{obrie:etal:1978,
  author = 	 {O'Brien, J. J. and D. Adamec and D. Moore},
  title = 	 {A simple model of upwelling in the {G}ulf of {G}uinea},
  journal = 	 {Geophys. Res. Lett.},
  year = 	 {1978},
  volume = 	 {5},
  pages = 	 {641-644},
}

@Article{omste:etal:1997,
  author =       {Omstedt, A. and L. Meuller and L. Nyberg},
  title =        {Interannual, seasonal and regional variations of precipitation and evaporation over the {B}altic {S}ea},
  journal =      {Ambio},
  year =         {1997},
  volume =       {26},
  pages =        {484-492},
}

@Article{omste:wettl:1992,
  author =       {Omstedt, A. and J. S. Wettlaufer},
  title =        {Ice growth and oceanic heat-flux: {M}odels and measurements},
  journal =      {J. Geophys. Res.},
  year =         {1992},
  volume =       {97},
  number =       {C6},
  pages =        {9383-9390},
}

@Article{oort:etal:1989,
  author =       {Oort, A. and S. C. Ascher and S. Levitus and J. P. Peix{\'o}to}, 
  title =        {New estimates of the available potential energy in the world oceans},
  journal =      {J. Geophys. Res.},
  year =         {1989},
  volume =       {94},
  number =       {C3},
  pages =        {3187-3200},
}

@Article{oort:etal:1994,
  author =       {Oort, A. and S. C. Ascher and S. Levitus and J. P. Peix{\'o}to}, 
  title =        {Estimates of the energy cycle in the oceans},
  journal =      {J. Geophys. Res.},
  year =         {1994},
  volume =       {99},
  number =       {C4},
  pages =        {7665-7688},
}

@Article{orlan:1976,
  author =       {Orlanski, I}, 
  title =        {A simple boundary condition for unbounded hyperbolic flows},
  journal =      {J. Comp. Phys.},
  year =         {1976},
  volume =       {21},
  pages =        {251-269},
}

@Article{orvik:mork:1996,
  author = 	 {Orvik, K. A. and M. Mork},
  title = 	 {{A}tlantic water transports from long term measurements in the {S}vin{\o}y section},
  journal = 	 {ICES CM 1996/O},
  year = 	 {1996},
  pages = 	 {10},
}

@Article{orvik:niile:2002,
  author = 	 {Orvik, K. A. and P. Niiler},
  title = 	 {Major pathways of {A}tlantic water in the northern {N}orth {A}tlantic and 
                  {N}ordic {S}eas toward {A}rctic},
  journal = 	 {Geophys. Res. Lett.},
  year = 	 {2002},
  volume = 	 {29(19)},
  pages = 	 {1896},
  doi =          {10102}, 
}

@Article{orvik:skags:2005,
  author = 	 {Orvik, K. A. and {\O}. Skagseth},
  title = 	 {Heat flux variations in the eastern {N}orwegian {A}tlantic {C}urrent toward the {A}rctic from moored instruments, 1995-2005},
  journal = 	 {Geophys. Res. Lett.},
  year = 	 {2005},
  volume = 	 {32},
  doi =          {10.1029/2005GL023487 },
  eid =          {L14610}, 
}

@Article{orvik:etal:2001,
  author     =   {Orvik, K. A. and {\O}. Skagseth and M. Mork},
  title      =   {Atlantic inflow to the {N}ordic Seas: {C}urrent structure and volume fluxes 
                  from moored current meters, {VM-ADCP} and {S}ea{S}oar-{CTD} observations, 1995-1999},
  journal    =   {Deep Sea Res., I},
  volume     =   {48},
  year       =   {2001}, 
  pages      =   {937-957},
}


@Article{oschl:2002,
  author = 	 {Oschlies, A},
  title = 	 {Improved {R}epresentation of {U}pper-{O}cean {D}ynamics and {M}ixed 
                  {L}ayer {D}epths in a {M}odel of the {N}orth {A}tlantic on 
                  {S}witching from {E}ddy-{P}ermitting to {E}ddy-{R}esolving {G}rid {R}esolution},
  journal = 	 {J. Phys. Oceanogr.},
  year = 	 {2002},
  volume = 	 {32},
  pages = 	 {2277-2298},
}

@Article{overl:etal:1998,
  author =       {Overland, J. and S. L. McNutt and S. Salo and J. Groves and S. Lie},
  title =        {Arctic sea ice as a granular plastic},
  journal =      {J. Geophys. Res.},
  year =         {1998},
  volume =       {103},
  number =       {C10},
  pages =        {21,845-21,867},
}

%%%%%%%%%%%%%%%%%%%%%%%%%%%%%%%%% P %%%%%%%%%%%%%%%%%%%%%%%%%%%%%%%%%%%%%%%%
@Article{pacan:1987,
  author =       {Pacanowski, R. C.},
  title =        {Effect of Equatorial Currents on Surface Stress},
  journal =      {J. Phys. Oceanogr.},
  year =         {1987},
  volume =       {17},
  pages =        {833-838},
}

@Article{pacan:phila:1981,
  author =       {Pacanowski, R. and S.G.H. Philander}, 
  title =        {Parameterization of Vertical Mixing in Numerical Models of Tropical Oceans}, 
  journal =      {J. Phys. Oceanogr.}, 
  volume =       {11},
  pages =        {1443-1451}, 
  year =         {1981},
} 

@Article{padma:erofe:2004,
  author =       {Padman, L. and S. Erofeeva}, 
  title =        {A barotropic inverse tidal model for the {A}rctic {O}cean}, 
  journal =      {Geophys. Res. Lett.}, 
  volume =       {31},
  pages =        {1443-1451}, 
  year =         {2004},
  doi =          {10.1029/2003GL019003},
  eid =          {L02303},
} 

@Article{palma:matan:2000,
  author =       {Palma, E. D. and  R. P. Matano}, 
  year =         {2000}, 
  title =        {On the implementation of open boundary conditions to a general circulation model: The 3-D case.}, 
  journal =      {J. Geophys. Res.}, 
  volume =       {105}, 
  pages =        {8605-8627},
}

@Article{pavlo:etal:2002,
  author =	{Pawlowicz, R. and B. Beardsley and S. Lentz}, 
  title =	{Classical tidal harmonic analysis including error estimates in {MATLAB} using {T{\_}TIDE}}, 
  year =	{2002}, 
  journal =	{Computers and Geosciences}, 
  volume =	{28}, 
  number =	{8},
  pages =	{929-937},
  publisher =	{Elsevier},
}

@Article{penve:etal:2006,
  author =	{Penven, P. and L. Debreu and P. Marchesiello and J. C. McWilliams},
  title =	{Evaluation and application of the \{ROMS\} 1-way embedding procedure to the central {c}alifornia upwelling system},
  journal =	{Ocean Modelling},
  volume =	{12}, 
  number =	{1-2},
  pages =	{157-187},
  year =	{2006}, 
  doi =		{http://dx.doi.org/10.1016/j.ocemod.2005.05.002},
  url =		{http://www.sciencedirect.com/science/article/pii/S1463500305000491},
}

@Book{pedlo:1979,
  author =       {Pedlosky, J.},
  title =        {Geophysical {F}luid {D}ynamics},
  publisher =    {Springer-Verlag},
  year =         {1979},
}
  

@Article{perov:grenf:1981,
  author =       {Perovich, D. K and T. C. Grenfell},
  title =        {Laboratory studies of the optical properties of young sea ice},
  journal =      {J. Glaciology},
  year =         {1981},
  volume =       {27},
  number =       {96},
  pages =        {331-346},
}

@Article{pfize:storc:2001,
  author = 	 {Pfizenmayer, A. and H. von Storch},
  title = 	 {Antropogenic climate change shown by local wave conditions in the North Sea},
  journal = 	 {Clim. Res.},
  year = 	 {2001},
  volume = 	 {19},
  pages = 	 {15-23},
}

@Article{phill:1957,
  author = 	 {Phillips, N. A.},
  title = 	 {A coordinate system having some special advantages for numerical forecasting},
  journal = 	 {J. Meteorology},
  year = 	 {1957},
  volume = 	 {14},
  pages = 	 {184-185},
}

@InCollection{phill:1959,
  author = 	 {Phillips, N. A.},
  title = 	 {An example of nonlinear computational instability},
  booktitle = 	 {The Atmosphere and the Sea in motion},
  editor =       {B. Bolin},
  year = 	 {1959},
  publisher = 	 {Rockefeller Institute Press, New York},
  pages = 	 {501-504},
}

@Book{phill:1966,
  author =	{Phillips, O. M.},
  title =	{The {D}ynamics of the {U}pper {O}cean},
  publisher =	{Cambridge University Press, New York},
  year =	{1966},
  pages =	{269},
}

@Article{piers:mosko:1964,
  author = 	 {Pierson, W J Jr and L Moskowitz},
  title = 	 {A proposed spectral form for fully developed wind seas based on the similarity theory of S.A. Kitaigorodskii},
  journal = 	 {J Geophys Res},
  year = 	 {1964},
  volume = 	 {69},
  pages = 	 {5181},
}

@Article{platz:1954,
  author = 	 {Platzman, G. W.},
  title = 	 {The computational stability of boundary conditions in numerical integration of the vorticity equation},
  journal = 	 {Arch. Met. Geophys. Biokl.},
  series =       {A},
  year = 	 {1954},
  volume = 	 {7},
  pages = 	 {29-40},
}

@Article{plumb:1983,
  author = 	 {Plumb, R. A.},
  title = 	 {A new look at the energy cycle},
  journal = 	 {J. Atmos. Sci.},
  year = 	 {1983},
  volume = 	 {40},
  pages = 	 {1669-1689},
}

@Article{potem:etal:1991,
  author = 	 {Potemra, J. T. and M. E. Luther and J. J. O'Brien},
  title = 	 {The Seasonal Circulation of the Upper Ocean in the {B}ay of {B}engal},
  journal = 	 {J. Geophys. Res.},
  year = 	 {1991},
  volume = 	 {96},
  series =       {C7},
  pages = 	 {12,667-12,683},
}

@Article{poula:2001,
  author = 	 {Poulain, P. M. and A. Warn-Varnas and P. Niiler},
  title = 	 {Adriatic {S}ea surface circulation as derived from drifter data bewteen 1990 and 1999},
  journal = 	 {J. Mar. Syst.},
  year = 	 {2001},
  volume = 	 {29},
  pages = 	 {3-32},
}

@Article{poula:etal:1996,
  author = 	 {Poulain, P. M. and A. Warn-Varnas and P. Niller},
  title = 	 {Near-surface circulation of the {N}ordic {S}eas as measured by {L}agrangian drifters},
  journal = 	 {J. Geophys. Res.},
  year = 	 {1996},
  volume = 	 {101},
  pages = 	 {18237-18258},
}

@Article{prell:1986,
  author = 	 {Preller, R.},
  title = 	 {A numerical study of the {A}lboran {S}ea gyre},
  journal = 	 {Prog. Oceanogr.},
  year = 	 {1986},
  volume = 	 {16},
  pages = 	 {113-146},
}
@Article{pring:2001,
  author = 	 {Pringle, J. M.},
  title = 	 {Cross-shelf eddy heat transport in a wind-free coastal ocean undergoing winter time cooling},
  journal = 	 {J. Geophys. Res.},
  year = 	 {2001},
  volume = 	 {106},
  pages = 	 {2589-2604},
}

@Article{prosh:etal:2002,
  author =	{Proshutinsky, A. Y. and R. H. Bourke and F. A. McLaughlin},
  title =	{The role of the BG in Arctic climate variability: seasonal to decadal climate scales},
  journal =	{Geophys. Res. Lett.},
  year =	{2002},
  volume =	{29},
  pages =	{2100},
  doi =		{10.1029/2002GL015847},
}

@Article{prosh:johns:1997,
  author =	{Proshutinsky, A. Y. and M. A. Johnson},
  title =	{Two circulation regimes of the wind-driven {A}rctic {O}cean},
  journal =	{J. Geophys. Res.},
  year =	{1997},
  volume =	{102},
  pages =	{12493-12514},
}

%%%%%%%%%%%%%%%%%%%%%%%%%%%%%%%%% Q %%%%%%%%%%%%%%%%%%%%%%%%%%%%%%%%%%%%%%%%

%%%%%%%%%%%%%%%%%%%%%%%%%%%%%%%%% R %%%%%%%%%%%%%%%%%%%%%%%%%%%%%%%%%%%%%%%%
@Article{redi:1982,
  author =       {Redi, M. H.},
  title =        {Oceanic isopycnal mixing by coordinate rotation},
  journal =      {J. Phys. Oceanogr.},
  year =         {1982},
  volume =       {12},
  pages =        {1154-1158},
}

@Article{rahms:2007,
  author =       {Rahmstorf, S.},
  title =        {A semi-empirical approach to projecting future sea-level rise},
  journal =      {Science},
  year =         {2007},
  volume =       {315},
  pages =        {368-370},
}

@Article{reid:etal:1981,
  author =       {Reid, R. O. and B. A. Elliot and D. B. Olson},
  title =        {Available potential energy: a clarification},
  journal =      {J. Phys. Oceanogr.},
  year =         {1981},
  volume =       {11},
  pages =        {15-29},
}

@Misc{reist:etal:1988,
  author = 	 {Reistad, M. and L. I. Eide and J. Guddal and A.K. Magnusson },
  title = 	 {Wave model sensitivity study},
  year = 	 {1988},
  note = 	 {Norwegian Meteorological Institute},
}

@article {reist:etal:2011,
  author =	{Reistad, M. and {\O}. Breivik and H. Haakenstad and O. J. Aarnes and B. Furevik and J.-R. Bidlot},
  title =	{A high-resolution hindcast of wind and waves for the {N}orth {S}ea, the {N}orwegian {S}ea, and the {B}arents {S}ea},
  journal =	{J. Geophys. Res.},
  volume =	{116},
  number =	{C5},
  issn =	{2156-2202},
  url =		{http://dx.doi.org/10.1029/2010JC006402},
  doi =		{10.1029/2010JC006402},
  pages =	{n/a--n/a},
  keywords =	{wave modeling, hindcast, wave climate, wind climate},
  year =	{2011},
  note =	{C05019},
}

@TechReport{reist:etal:2009,
  author =       {Reistad, M. and {\O}. Breivik and H. Haakenstad and O. J. Aarnes and B. R. Furevik},
  title = 	 {A high-resolution hindcast of wind and waves for the {N}orth {S}ea, the {N}orwegian {S}ea and the {B}arents {S}ea},
  year = 	 {2009},
  type =         {met.no Report},
  number = 	 {14/2009}, 
  institution =  {{N}orwegian {M}eteorological {I}nstitute, Postboks 43 Blindern, N-0313 Oslo, Norway},
}

@Book{richa:1922,
  author =       {Richardson, L. F.},
  title =        {Weather Prediction by Numerical Process},
  publisher = 	 {Cambridge University Press},
  year =         {1922},
  pages =        {250},
}
 
@TechReport{richt:1963,
  author =       {Richtmyer, R. D.},
  title =        {A survey of difference methods for non-steady fluid dynamics},
  institution =  {{N}ational {C}enter for {A}tmospheric {R}esearch (NCAR)},
  year =         {1963},
  type =         {Technical Note},
  number = 	 {63-2}, 
  pages =        {25},
}

@Book{richt:morto:1967,
  author =       {Richtmyer, R. D. and K. W. Morton},
  title =        {Difference methods for initial value problems},
  publisher = 	 {Interscience},
  year =         {1967},
  pages =        {406},
}
 
@Article{riene:mill:1991,
  author =       {Rienecker, M. M. and R.N. Miller},
  title =        {Ocean data assimilation using optimal interpolation with a quasi-geostrophic model},
  journal =      {J. Geophys. Res.},
  year =         {1991},
  volume =       {96},
  pages =        {15093-15103},
}

@Article{ripa:1991,
  author =       {Ripa, P.},
  title =        {General stability conditions for a multi-layer model},
  journal =      {J. Fluid Mech.},
  year =         {1991},
  volume =       {222},
  pages =        {119-137},
}

@Article{rober:1966,
  author =       {Robert, A. J.},
  title =        {The integration of a low order spectral form of the primitive meteorologocal equations},
  journal =      {J. Meteor. Soc. Japan},
  year =         {1966},
  volume =       {44},
  series =       {2},
  pages =        {237-245},
}

@Article{rober:1981,
  author =       {Robert, A.},
  title =        {A stable numerical integration scheme for the primitive meteorological equations},
  journal =      {Atmosphere-Ocean},
  year =         {1981},
  volume =       {19},
  pages =        {35-46},
}

@Article{robin:etal:1977,
  author =       {Robinson, A. R. and D. E. Harrison and Y. Mintz and A. J. Semnter},
  title =        {Eddies in the general circulation of an idealized oceanic gyre: {A} wind and thermally driven primitive equation numerical experiment},
  journal =      {J. Phys. Oceanogr.},
  year =         {1977},
  volume =       {7},
  pages =        {182-207},
}

@Article{rober:etal:1970,
  author =       {Robert, A. J. and F. G. Shuman and J. P. Gerrity},
  title =        {{O}N PARTIAL DIFFERENCE EQUATIONS IN MATHEMATICAL PHYSICS},
  journal =      {Mon. Weath. Rev.},
  year =         {1970},
  volume =       {98},
  issue =        {1},
  doi =          {10.1175/1520-0493(1970)098<0001: {OPDEIM}>2.3.CO;2},
}

@Article{rodhe:1987,
  author = 	 {Rodhe, J.},
  title = 	 {The large-scale circulation in the {S}kagerrak, interpretation of some observations.},
  journal = 	 {Tellus},
  year = 	 {1987},
  volume =	 {39A},
  pages =	 {245-253}
}

@Article{rodhe:1996,
  author = 	 {Rodhe, J.},
  title = 	 {On the dynamics of the large-scale circulation of the {S}kagerrak},
  journal = 	 {J. Sea Res.},
  year = 	 {1996},
  volume =	 {35},
  pages =	 {9-21}
}

@InCollection{rodhe:etal:2006,
  author = 	 {Rodhe, J. and P. Tett and F. Wulff},
  title = 	 {The {B}altic and {N}orth {S}eas: A regional review of Some Important Physical-Chemical-Biological Interaction Processes},
  booktitle =    {The Sea},
  editor    =    {A. R. Robinson and K. Brink},
  publisher = 	 {Harvard University Press},
  year = 	 {2006},
  volume = 	 {14},
}

@Article{roeck:etal:1999,
  author =       {Roeckner, E. and L. Bengtsson and J. Feichter and J. Lelieveld and H. Rodhe},
  title =        {Transient climate change simulations with a coupled atmosphere-ocean GCM including the tropospheric sulfur cycle},
  journal =      {J. Clim.},
  year =         {1999},
  volume =       {12},
  pages =        {3004-3032},
}

@Article{roed:1979,
  author = 	 {R{\o}ed, L. P.},
  title = 	 {Storm Surges in Stratified Seas},
  journal = 	 {Tellus},
  year = 	 {1979},
  volume = 	 {31},
  pages = 	 {330-339},
}

@Article{roed:1980,
  author = 	 {R{\o}ed, L. P.},
  title = 	 {Curvature effects on hydraulically driven inertial currents},
  journal = 	 {J. Fluid Mech.},
  year = 	 {1980},
  volume = 	 {96},
  pages = 	 {395-412},
}

@TechReport{roed:1993,
  author = 	 {R{\o}ed, L. P.},
  title = 	 {Models as management tools for environmental problems in water},
  institution =  {Statens forurensningstilsyn - SFT},
  year = 	 {1993},
  type = 	 {SFT-Rapport},
  number = 	 {93:14},
  note = 	 {(in {N}orwegian), 38 p. + attachments, {I}SBN 82-7655-130-0},
  address = 	 {Box 8100 Dep, 0032 Oslo, Norway},
}

@TechReport{roed:1995,
  author = 	 {R{\o}ed, L. P.},
  title = 	 {Documentation of the {O}slo {M}ultilayer {M}esoscale {O}cean {M}odel - {OSMOM}, {P}art 1: The governing equations},
  institution =  {{N}orwegian {M}eteorological {I}nstitute},
  year = 	 {1995},
  type =         {Research Report},
  number = 	 {24}, 
  note =  {[Available from {N}orwegian {M}eteorological {I}nstitute, Postboks 43 Blindern, N-0313 Oslo, Norway]},
  pages = 	 {23},
}

@InCollection{roed:1996,
  author = 	 {R{\o}ed, L. P.},
  title = 	 {Modeling mesoscale features in the ocean},
  booktitle = 	 {Waves and {N}onlinear {P}rocesses in {H}ydrodynamics},
  year = 	 {1996},
  editor = 	 {J. Grue and {B}. {G}jevik and {J}. {E}. {W}eber},
  series = 	 {Fluid Mechanics and its applications},
  volume = 	 {34},
  publisher = 	 {Kluwer Academic Publishers},
  pages = 	 {383-396},
}

@Article{roed:1997,
  author = 	 {R{\o}ed, L. P.},
  title = 	 {Energy diagnostics in a 1$\frac{1}{2}$-layer, nonisopycnic model},
  journal = 	 {J. Phys. Oceanogr.},
  year = 	 {1997},
  volume = 	 {27},
  pages = 	 {1472-1476},
}

@TechReport{roed:1999a,
  author = 	 {R{\o}ed, L. P.},
  title = 	 {Documantation of {DNMI}'s {MICOM} version Part 1: Theory},
  institution =  {Norwegian Meteorological Institute},
  year = 	 {1999},
  type = 	 {Research Report},
  number = 	 {86},
  address = 	 {Box 43 Blindern, N-0313 Oslo, Norway},
}

@Article{roed:1999b,
  author = 	 {R{\o}ed, L. P.},
  title = 	 {A pointwise energy diagnostic scheme for multilayer, nonisopycnic, primitive equation ocean models},
  journal = 	 {Mon. Weath. Rev.},
  year = 	 {1999},
  volume = 	 {127},
  pages = 	 {1897-1911},
}

@TechReport{roed:2001,
  author = 	 {R{\o}ed, L. P.},
  title = 	 {Mathematical formulation of isoneutral diffusion and eddy-induced tracer transports in a sigma-coordinate ocean model},
  institution =  {Norwegian Meteorological Institute},
  year = 	 {2001},
  type = 	 {Research Report},
  number = 	 {122},
  address = 	 {Box 43 Blindern, N-0313 Oslo, Norway},
}

@Booklet{roed:2005b,
  author = 	 {R{\o}ed, L. P.},
  title = 	 {Numeriske l{\o}sninger av atmosf{\ae}riske og oseanografiske problem, {D}el 1: Grunnleggende metoder},
  howpublished = {Kompendium GEF4620},
  address =      {Department of Geosciences, University of Oslo, P.O. Box 1022 Blindern, 0315 Oslo, Norway},
  year = 	 {2005},
}

@TechReport{roed:2006,
  author = 	 {R{\o}ed, L. P.},
  title = 	 {C{ONMAN} {T}echnical {R}eport No. 1: {D}ocumentation of models and experimental set-up},
  institution =  {Norwegian Meteorological Institute},
  year = 	 {2006},
  type = 	 {met.no Report},
  number = 	 {05/2006},
  address = 	 {Box 43 Blindern, N-0313 Oslo, Norway},
}

@Article{roed:2007,
  author = 	 {R{\o}ed, L. P.},
  title = 	 {A pointwise energy diagnostic scheme for eddy resolving coastal ocean models},
  journal = 	 {Ocean Modeling, in revision},
  year = 	 {2006},
}

@Booklet{roed:2010,
  author = 	 {R{\o}ed, L. P.},
  title = 	 {Fundamentals of atmospheres and ocean on computers},
  howpublished = {Lecture notes to GEF4510 fall 2010},
  address =      {Department of Geosciences, University of Oslo, P.O. Box 1022 Blindern, 0315 Oslo, Norway},
  year = 	 {2010},
}

@Booklet{roed:2011,
  author = 	 {R{\o}ed, L. P.},
  title = 	 {Atmospheres and {O}cean on {C}omputers: Fundamentals},
  howpublished = {Lecture notes to GEF4510 fall 2011},
  address =      {Department of Geosciences, University of Oslo, P.O. Box 1022 Blindern, 0315 Oslo, Norway},
  year = 	 {2011},
  pages =        {162},
}

@TechReport{roed:2012a,
  author = 	 {R{\o}ed, L. P.},
  title = 	 {Documentation of simple ocean models for use in ensemble predictions. {P}art {I}: {E}quations},
  institution =  {Norwegian Meteorological Institute},
  year = 	 {2012},
  type = 	 {met.no Report},
  number = 	 {03/2012},
  address = 	 {Box 43 Blindern, N-0313 Oslo, Norway},
}

@TechReport{roed:2012b,
  author = 	 {R{\o}ed, L. P.},
  title = 	 {Documentation of simple ocean models for use in ensemble predictions. Part {II}: {B}enchmarks},
  institution =  {Norwegian Meteorological Institute},
  year = 	 {2012},
  type = 	 {met.no Report},
  number = 	 {xx/2012},
  address = 	 {Box 43 Blindern, N-0313 Oslo, Norway},
}

@Booklet{roed:2013,
  author = 	 {R{\o}ed, L. P.},
  title = 	 {Atmospheres and {O}cean on {C}omputers: Fundamentals},
  howpublished = {Lecture notes to GEF4510 fall 2013},
  address =      {Department of Geosciences, University of Oslo, P.O. Box 1022 Blindern, 0315 Oslo, Norway},
  year = 	 {2013},
  pages =        {162},
  edition =      {6},
}

@Booklet{roed:2014,
  author = 	 {R{\o}ed, L. P.},
  title = 	 {Atmospheres and {O}cean on {C}omputers: Fundamentals},
  howpublished = {Lecture notes to GEF4510 fall 2013},
  address =      {Department of Geosciences, University of Oslo, P.O. Box 1022 Blindern, 0315 Oslo, Norway},
  year = 	 {2014},
  pages =        {220},
  edition =      {6},
}

@Article{roed:albre:2007,
  author = 	 {R{\o}ed, L. P. and J. Albretsen},
  title = 	 {The impact of freshwater discharges on the ocean circulation in the {S}kagerrak/northern {N}orth {S}ea area. {P}art {I}: {M}odel validation},
  journal = 	 {Ocean Dynamics},
  year = 	 {2007},
  volume =	 {57},
  pages =	 {269-285},
  note =	 {DOI: 10.1007/s10236-007-0122-5}
}

@Article{roed:obrie:1983,
  author = 	 {R{\o}ed, L. P. and J. J. O'Brien},
  title = 	 {A coupled ice-ocean model of upwelling in the marginal ice zone},
  journal = 	 {J. Geophys. Res.},
  year = 	 {1983},
  volume = 	 {29},
  number =       {C5},
  pages = 	 {2863-2872},
}

@Article{roed:smeds:1984,
  author = 	 {R{\o}ed, L. P. and O. M. Smedstad},
  title = 	 {Open boundary conditions for forced waves in a rotating fluid},
  journal = 	 {SIAM J. Sci. Stat. Comput.},
  year = 	 {1984},
  volume = 	 {5},
  pages = 	 {414-426},
}

@InCollection{roed:coope:1986,
  author = 	 {R{\o}ed, L. P. and C. K. Cooper},
  title = 	 {Open boundary conditions in numerical ocean models},
  booktitle = 	 {Advanced {P}hysical {O}ceanographic {N}umerical {M}odelling},
  year = 	 {1986},
  editor = 	 {J. O'Brien},
  series = 	 {Series C: Mathematical and Physical Sciences},
  volume = 	 {186},
  publisher = 	 {D. Reidel Publishing Co.},
  pages = 	 {411-436},
}

@InCollection{roed:coope:1987,
  author = 	 {R{\o}ed, L. P. and C. K. Cooper},
  title = 	 {A study of various open boundary conditions for wind-forced barotropic numerical ocean models},
  booktitle = 	 {Three-dimensional models of marine and estuarine dynamics},
  year = 	 {1987},
  editor = 	 {J. C. J. Nihoul and {B}. {M}. {J}amart},
  series = 	 {Elsevier Oceanography Series},
  volume = 	 {45},
  publisher = 	 {Elsevier Science Publishers B.V.},
  pages = 	 {305-3},
}

@Article{roed:shi:1999,
  author =	{R{\o}ed, {L}. {P}. and X. B. Shi},
  title =	{A numerical study of the dynamics and energetics of cool filaments, jets and eddies off the {I}berian {P}eninsula},
  journal =	{J. Geophys. Res.},
  year =	{1999},
  volume =	{104},
  pages =	{29,817-29,841},
  doi =		{10.1029/1999JC900175},
}

@TechReport{roed:deber:2004,
  author =	{R{\o}ed, L. P. and J. Debernard},
  title =	{Description of an integrated flux and sea-ice model suitable for coupling to an ocean and atmosphere model},
  institution =	{Norwegian Meteorological Institute, P.O. Box 43 Blindern, 0313 Oslo, Norway},
  year =	{2004},
  type =	{met.no Report},
  number =	{4/2004},
  note =	{[{A}vailable at http://met.no/Forskning/Publikasjoner/MET\_report/2004/filestore/004\_2004.pdf},
}

@Article{roed:deber:2008,
  author = 	 {R{\o}ed, L. P. and J. B. Debernard},
  title = 	 {Sm{\aa} endringer i b{\o}lger og stormflo},
  journal = 	 {Cicerone},
  year = 	 {2008},
  volume = 	 {2},
  pages = 	 {39-41},
} 

@Article{roed:fossu:2004,
  author = 	 {R{\o}ed, L. P. and I. Fossum},
  title = 	 {Mean and eddy motion in the {S}kagerrak/northern {N}orth {S}ea: insight from a numerical model},
  journal = 	 {Ocean Dynamics},
  year = 	 {2004},
  volume = 	 {54},
  pages = 	 {197-220},
}

@TechReport{roed:krist:2010,
  author = 	 {R{\o}ed, L. P. and N. M. Kristensen},
  title = 	 {{LOVECUR} {F}inal {R}eport: {D}escription of model and discussion of the model results},
  institution =  {Norwegian Meteorological Institute, P.O. Box 43 Blindern, 0313 Oslo, Norway},
  type =         {met.no Report},
  year = 	 {2010},
  number = 	 {21/2010}, 
  note =         {[{A}vailable at http://met.no/Forskning/Publikasjoner/Publikasjoner\_2010/]},
}

@TechReport{roed:budge:2011,
  author = 	 {R{\o}ed, L. P. and W. P. Budgell},
  title = 	 {{KARBIAC} {P}hase {II} b {F}inal {R}eport: {D}escription of model and discussion of model results},
  institution =  {Norwegian Meteorological Institute, P.O. Box 43 Blindern, 0313 Oslo, Norway},
  type =         {met.no Report},
  year = 	 {2011},
  number = 	 {1/2011}, 
  note =         {[{A}vailable at http://met.no/Forskning/Publikasjoner/Publikasjoner\_2011/]},
}

@Article{roed:krist:2013,
  author = 	 {R{\o}ed, {L}. {P}. and N. M. Kristensen},
  title = 	 {Eddy generation and cross shelf mixing off {L}ofoten, {N}orway},
  journal = 	 {Manuscript in preparation},
  year = 	 {2013},
}

@TechReport{roed:etal:1990,
  author = 	 {R{\o}ed, L. P. and H. Sk{\aa}tun and T. B. Irmann-Jacobsen},
  title = 	 {The euthropication situation in the {O}uter {O}slofjord 1989, {S}ubproject 4.8: {T}ransport model simulations of currents and tracers - {R}esults and analysis},
  institution =  {State {P}ollution {M}onitoring {P}rogram (SFT)},
  year = 	 {1990},
  type = 	 {SFT-Rapport},
  number = 	 {412/90},
  note = 	 {(in {N}orwegian), 55 p.},
  address = 	 {Box 8100 Dep, 0032 Oslo, Norway},
}

@InCollection{roed:etal:1995,
  author =       {R{\o}ed, L. P. and B. Hackett and B. Gjevik and L. I. Eide},
  title = 	 { A Review of the Metocean Modeling Project ({MOMOP}).  {P}art 1: Model Comparison Study.},
  booktitle =    {Quantitative Skill Assessment for Coastal Ocean Models},
  year =         {1995},
  editor = 	 {D. R. Lynch and A. M. Davies},
  volume =       {47},
  series =       {Coastal and Estuarine Studies},
  pages =        {285-305},
  publisher =    {American Geophysical Union},
}

@TechReport{roed:etal:1999,
  author = 	 {R{\o}ed, L. P. and H. Engedahl and B. Hackett and A. Melsom and X.B. Shi and {\O}. S{\ae}tra },
  title = 	 {Circulation and hydrography in the {N}ordic {S}eas inferred from ocean model experiments at {DNMI}},
  institution = 	 {{R}egClim General Technical Report Series},
  year = 	 {1999},
  number = 	 {2}, 
  note =  {[{A}vailable from Norwegian Institute of Air Research, P.O. Box 100, N-2007 Kjeller, Norway]},
}

@UNPUBLISHED{roed:etal:2007,
  author =	{R{\o}ed, L. P. and W. P. Budgell and J. Albretsen and A. Carrasco and B. {\AA}dlandsvik},
  title  =	{{KARBIAC} {P}hase {II}: {C}ontract No. 4501267762 {F}inal {R}eport},
  year   =	{2007},
  pages  =	{33}, 
  note   =	{[{A}vailable from the Norwegian Meteorological Institute, P.O. Box 43 Blindern, 0313 Oslo, Norway]},
}

@InCollection{roed:etal:2010,
  author =		{R{\o}ed, L. P. and I. Fossum and A. Carrasco},
  title =		{Towards eddy resolving ocean prediction off the northern coast of {N}orway.},
  booktitle =	{Coastal to {G}lobal {O}perational {O}ceanography: {A}chievements and {C}hallenges, {P}roceedings of the 5th {I}nt. {C}onf. on {E}uroGOOS, {M}ay, 2008}, 
  year =		{2010},
  editor =		{Dahlin, H. and M. J. Bell and N. C. Flemming and S. E. Petersson},
  pages =		{246-252},
  volume =		{EuroGoos Publ. No. 28},
  publisher =	{EuroGOOS {O}ffice, {SMHI}, 601 76 {N}orrkøping, {S}weden},
  note =		{{ISBN} 978-91-974828-6-8},
}

@Article{roed:etal:2011,
  author = 	 {R{\o}ed, L. P. and G. Brostr{\"o}m and P. E. Isachsen and N. M. Kristensen and H. Engedahl},
  title = 	 {Numerical Ocean Weather Prediction: A quest for computer power and capacity},
  journal = 	 {Meta},
  year = 	 {2011},
  volume = 	 {4},
  pages = 	 {28-31},
}

@TechReport{roed:etal:2013a,
  author =	{R{\o}ed, {L}. {P}. and N. M. Kristensen and J. Albretsen and B. {\AA}dlandsvik},
  title =	{Ba{SIC} {T}echnical {R}eport no. 1: The triply nested model system},
  year =	{2013},
  type =	{met.no Report},
  number =	{1/2013}, 
  institution =  {{N}orwegian {M}eteorological {I}nstitute, Postboks 43 Blindern, N-0313 Oslo, Norway},
}

@TechReport{roed:etal:2013b,
  author =	{R{\o}ed, {L}. {P}. and N. M. Kristensen and A. Melsom and Y. Gusdal and J. Albretsen and B. {\AA}dlandsvik},
  title =	{Ba{SIC} {T}echnical {R}eport no. 2: Discussions and conclusions from the pre-production run},
  year =	{2013},
  type =	{met.no Report},
  number =	{12/2013}, 
  institution =	{{N}orwegian {M}eteorological {I}nstitute, Postboks 43 Blindern, N-0313 Oslo, Norway},
}

@TechReport{roed:etal:2014,
  author =	{R{\o}ed, {L}. {P}. and V. Lien and A. Melsom and N. M. Kristensen and Y. Gusdal and B. {\AA}dlandsvik},
  title =	{Ba{SIC} {T}echnical {R}eport no. 3: Evaluation of the {B}a{SIC}20 long term hindcast results},
  year =	{2014},
  type =	{MET Report},
  number =	{23/2014}, 
  institution =	{{N}orwegian {M}eteorological {I}nstitute, Postboks 43 Blindern, N-0313 Oslo, Norway},
}

@TechReport{roed:etal:2015a,
  author =	{R{\o}ed, {L}. {P}. and V. Lien and A. Melsom and N. M. Kristensen and Y. Gusdal and B. {\AA}dlandsvik and J. Albretsen},
  title =	{{B}a{SIC} {T}echnical {R}eport no. 4, {P}art {I}: Evaluation of the {B}a{SIC}4 long term hindcast results.},
  year =	{2015},
  type =	{MET Report},
  number =	{5/2015}, 
  institution =	{{N}orwegian {M}eteorological {I}nstitute, Postboks 43 Blindern, N-0313 Oslo, Norway},
}

@TechReport{roed:etal:2015b,
  author =	{R{\o}ed, {L}. {P}. and V. Lien and A. Melsom and N. M. Kristensen and Y. Gusdal and B. {\AA}dlandsvik and J. Albretsen},
  title =	{{B}a{SIC} {T}echnical {R}eport no. 4, {P}art {II}: {A}ddendum},
  year =	{2015},
  type =	{MET Report},
  number =	{6/2015}, 
  institution =	{{N}orwegian {M}eteorological {I}nstitute, Postboks 43 Blindern, N-0313 Oslo, Norway},
}

@TechReport{roed:etal:2015c,
  author =	{R{\o}ed, {L}. {P}. and V. Lien and A. Melsom and N. M. Kristensen and Y. Gusdal and J. Albretsen},
  title =	{Evaluation of long-term hindcasted {N}orwegian {S}ea currents and hydrography, {I}. {F}inal {R}eport {N}orwegian {S}ea {H}indcast ({NoSH}) project},
  year =	{2015},
  type =	{MET Report},
  number =	{13/2015}, 
  institution =	{{N}orwegian {M}eteorological {I}nstitute, Postboks 43 Blindern, N-0313 Oslo, Norway},
}

@TechReport{roed:etal:2015d,
  author =	{R{\o}ed, {L}. {P}. and V. Lien and A. Melsom and N. M. Kristensen and Y. Gusdal and J. Albretsen},
  title =	{Evaluation of long-term hindcasted {N}orwegian {S}ea currents and hydrography, {II}. Addendum to {F}inal {R}eport {N}orwegian {S}ea {H}indcast ({NoSH}) project},
  year =	{2015},
  type =	{MET Report, in preparation},
  number =	{18/2015}, 
  institution =	{{N}orwegian {M}eteorological {I}nstitute, Postboks 43 Blindern, N-0313 Oslo, Norway},
}

@TechReport{roed:etal:2015e,
  author =	{R{\o}ed, {L}. {P}. and V. Lien and A. Melsom and N. M. Kristensen and Y. Gusdal and B. {\AA}dlandsvik and J. Albretsen},
  title =	{Impact of the vertical distribution on mixing in ROMS},
  year =	{2015},
  type =	{MET Report, in preparation},
  number =	{xx/2015}, 
  institution =	{{N}orwegian {M}eteorological {I}nstitute, Postboks 43 Blindern, N-0313 Oslo, Norway},
}

@Book{roger:yau:1989,
  author = 	 {Rogers, R. R. and M.K. Yau},
  title = 	 {{A} short course in cloud physics - 3rd},
  publisher = 	 {Pergamon Press},
  year = 	 {1989},
  volume = 	 {113},
  series = 	 {{I}nternational series in natural philosophy},
}

@Article{rosat:miyak:1988,
  author = 	 {Rosati, A. and K. Miyakoda},
  title = 	 {A general-circulation model for upper-ocean simulations},
  journal = 	 {J. Phys. Oceanogr.},
  year = 	 {1988},
  volume = 	 {18}, 
  pages = 	 {1601-1626},
}

@Article{rossb:1937,
  author = 	 {Rossby, C. G.},
  title = 	 {On the mutual adjustment of pressure and velocity distributions in certain simple current systems},
  journal = 	 {J. Mar. Res.},
  year = 	 {1937},
  volume = 	 {1}, 
  pages = 	 {15-28},
}

@Article{rossb:1938,
  author = 	 {Rossby, C. G.},
  title = 	 {On the mutual adjustment of pressure and velocity distributions in certain simple current systems. Part II},
  journal = 	 {J. Mar. Res.},
  year = 	 {1938},
  volume = 	 {1}, 
  pages = 	 {239-263},
}

@Unpublished{rudbe:1991,
  author = 	 {Rudberg, A.},
  title = 	 {Numerisk simulering av virvler. Sammenligning av to numeriske skjemaer},
  note = 	 {{H}ovedfagsoppgave i mekanikk, Mat. inst., Universitetet i Oslo},
  year = 	 {1991},
  pages = 	 {64},
}


%%%%%%%%%%%%%%%%%%%%%%%%%%%%%%%%% S %%%%%%%%%%%%%%%%%%%%%%%%%%%%%%%%%%%%%%%%
@Proceedings{saetre:mork:1981,
  title       =  {The Norwegian Coastal Current},
  year        =  {1981},
  editor      =  {S{\ae}tre, R. and M. Mork},
  publisher   =  {University of Bergen, Norway},
  organization=  {Proceedings from the {N}orwegian {C}oastal {C}urrent symposium, Geilo 9-12 September 1980},
}

@Book{saetre:2007,
  editor =       {S{\ae}tre, R.},
  title =        {The Norwegian Coastal Current - Oceanography and Climate},
  publisher =    {Tapir Academic Press},
  year =         {2007},
  address =      {Trondheim, Norway},
  pages =        {159},
  note =         {{ISBN} 978-82-519-2184-8},
}

@InCollection{saetre:2007a,
  author =       {S{\ae}tre, R.},
  editor =       {S{\ae}tre, R.},
  title =        {Studies of the coastal region. {B}ackground and history},
  booktitle =    {The Norwegian Coastal Current - Oceanography and Climate},
  pages =        {19-34},
  year =         {2007},
  publisher =    {Tapir Academic Press},
  address =      {Trondheim, Norway},
  note =         {{ISBN} 978-82-519-2184-8},
}

@InCollection{saetre:2007b,
  author =       {S{\ae}tre, R.},
  editor =       {S{\ae}tre, R.},
  title =        {Properties of the coastal water masses},
  booktitle =    {The Norwegian Coastal Current - Oceanography and Climate},
  pages =        {59-72},
  year =         {2007},
  publisher =    {Tapir Academic Press},
  address =      {Trondheim, Norway},
  note =         {{ISBN} 978-82-519-2184-8},
}

@InCollection{saetre:aure:2007,
  author =       {S{\ae}tre, R. and J. Aure},
  editor =       {S{\ae}tre, R.},
  title =        {Characteristic circulation features},
  booktitle =    {The Norwegian Coastal Current - Oceanography and Climate},
  pages =        {99-114},
  year =         {2007},
  publisher =    {Tapir Academic Press},
  address =      {Trondheim, Norway},
  note =         {{ISBN} 978-82-519-2184-8},
}

@TechReport{saetra:etal:1998,
  author = 	 {S{\ae}tra, {\O}. and C. Wettre and L.P. R{\o}ed },
  title = 	 {Coupled ice-ocean modelling},
  institution = 	 {{R}egClim General Technical Report Series},
  year = 	 {1998},
  number = 	 {1}, 
  note =  {[{A}vailable from Norwegian Institute of Air Research, P.O. Box 100, N-2007 Kjeller, Norway]},
 }

@TechReport{saetra:etal:1999,
  author = 	 {S{\ae}tra, {\O}. and L.P. R{\o}ed and J. Albretsen},
  title = 	 {The {DNMI} {R}eg{C}lim ice model},
  institution =  {RegClim General Technical Report},
  year = 	 {1999},
  number = 	 {3},
}

@Article{sandv:johan:1993,
  author = 	 {Sandven, S. and O. M. Johannessen},
  title = 	 {The use of microwave remote sensing for sea ice studies in the {B}arents {S}ea},
  journal = 	 {ISPRS J. Photogrammetry and Remote Sensing},
  year = 	 {1993},
  volume = 	 {48}, 
  pages = 	 {2-18},
}

@Article{sanni:etal:2009,
  author = 	 {Sannino, G. and M. Herrmann and A. Carillo and V. Rupolo and V. Ruggiero and V. Artale and P. Heimbach},
  title = 	 {An eddy-permitting model of the {M}editerranean sea with a two-way grid refinement at the strait of {G}ibraltar},
  journal = 	 {Ocean Modell.},
  year = 	 {2009},
  volume = 	 {30}, 
  pages = 	 {56-72},
}


@Article{seage:etal:2002,
  author =	{Seager, R. and D. S. Battisti and J. Yin and N. Gordon and N. Naik and A. C. Clement and M. A. Cane},
  title =	{Is the Gulf Stream responsible for Europe's mild winters?},
  journal =	{Q. J. R. Meteorol. Soc.},
  year =	{2002},
  volume =	{128},
  pages =	{2563-2586},
  doi =		{10.1256/qj.01.128},
}

@Article{segtn:etal:2011,
  author =	{Segtnan, O. H. and T. Furevik and A. D. Jenkins},
  title =	{Heat and freshwater budgets of the Nordic Seas computed from atmospheric reanalysis and ocean observations},
  journal =	{J. Geophys. Res.},
  year =	{2011},
  volume =	{116},
  pages =	{C11003},
  doi =		{10.1029/2011JC006939},
}

@Article{seity:etal:2010,
  author =	{Seity, Y. and P. Brousseau and S. Malardel and G. Hello and P. Bnard and F. Bouttier and C. Lac and V. Masson},
  title =	{The {AROME}-{F}rance convective-scale operational model},
  journal =	{Mon. Wea. Rev.},
  year =	{2010},
  volume =	{139},
  pages =	{976-991},
  doi =		{10.1175/2010},
}

@Article{semnt:mintz:1977,
  author =	{Semnter, A. J. and Y. Mintz},
  title =	{Numerical simulation of the {G}ulf {S}tream mid-ocean eddies},
  journal =	{J. Phys. Oceanogr.},
  year =	{1977},
  volume =	{7},
  pages =	{208-230},
}

@Article {shapi:1970,
  AUTHOR =       {Shapiro,R.},
  TITLE =        {Smoothing, filtering, and boundary effects}, 
  JOURNAL =      {Rev. Geoph. Space Phys.},
  VOLUME =       {8},
  PAGES =        {359-387},
  YEAR =         {1970},
}

@Article {shapi:1974,
  AUTHOR =       {Shapiro, M. A.},
  TITLE =        {The use of isentropic coordinates in the formulation of objective analysis and numerical prediction models}, 
  JOURNAL =      {Atmosphere},
  VOLUME =       {12},
  PAGES =        {10-17},
  YEAR =         {1974},
}

@Article {shapi:1975,
  AUTHOR =       {Shapiro, R.},
  TITLE =        {Linear filtering}, 
  JOURNAL =      {Math. Comp.},
  VOLUME =       {29},
  PAGES =        {1094-1097},
  YEAR =         {1975},
}

@Article {shapi:hasti:1973,
  AUTHOR =       {Shapiro, M. A. and J. T. Hastings},
  TITLE =        {Objective cross-section analyses by Hermitian polynomial interpolation on isentropic surfaces}, 
  JOURNAL =      {J. Appl. Meteor.},
  VOLUME =       {12},
  PAGES =        {753-762},
  YEAR =         {1973},
}

@Article {shche:mcwil:1998,
  AUTHOR =       {Shchepetkin, A. F. and J. C. McWilliams},
  TITLE =        {Quasi-monotone Advection Schemes Based on Explicit Locally Adaptive Dissipation}, 
  JOURNAL =      {Mon. Wea. Rev.},
  VOLUME =       {126},
  PAGES =        {1541-1580},
  YEAR =         {1998},
}

@Article {shche:mcwil:2003,
  AUTHOR =       {Shchepetkin, A. F. and J. C. McWilliams},
  TITLE =        {A method for computing horizontal pressure-gradient force in an oceanic model with a nonaligned vertical coordinate}, 
  JOURNAL =      {J. Geophys. Res.},
  VOLUME =       {108},
  PAGES =        {1-34},
  YEAR =         {2003},
  eid =          {3090},
  doi =          {10.1029/2001JC001047},
}

@Article{shche:mcwil:2005,
  author = 	 {Shchepetkin, A. F. and J. C. McWilliams},
  title = 	 {The {R}egional {O}cean {M}odeling {S}ystem ({ROMS}): 
                  A split-explicit, free-surface, topography-following coordinate ocean model},
  journal = 	 {Ocean Modelling},
  year = 	 {2005},
  volume = 	 {9},
  pages = 	 {347-404},
} 

@article{shche:mcwil:2009,
  author =       {Shchepetkin, A. F. and J. C. McWilliams},
  title =        {Correction and commentary for "{O}cean forecasting in terrain-following coordinates: Formulation and skill assessment of the regional ocean modeling system" by {H}aidvogel et al., {J}. {C}omp. {P}hys. 227, pp. 3595-3624},
  journal =      {J. Comp. Phys.},
  year =         {2009},
  volume =       {228},
  number =       {24},
  pages =        {8985 - 9000},
  issn =         {0021-9991},
  doi =          {10.1016/j.jcp.2009.09.002},
}

@Article{sheng:2001,
  author = 	 {Sheng, J.},
  title = 	 {Dynamics of a bouyancy-driven coastal jet: The Casp{\'e} current},
  journal = 	 {J. Phys. Oceanogr.},
  year = 	 {2001},
  volume = 	 {31},
  pages = 	 {3146-3162},
}

@Article{shi:roed:1999,
  author = 	 {Shi, X. B. and L. P. R{\o}ed},
  title = 	 {Frontal instability in a two-layer, primitive equation ocean model},
  journal = 	 {J. Phys. Oceanogr.},
  year = 	 {1999},
  volume = 	 {29},
  pages = 	 {948-968},
}

@TechReport{shi:roed:2000,
  author = 	 {Shi, X. B. and L. P. R{\o}ed},
  title = 	 {Documentation of {DNMI}'s {MICOM} Version, Part 3: Implementation of a {R}ichardson number dependent mixing scheme},
  institution =  {{N}orwegian {M}eteorological {I}nstitute},
  year = 	 {2000},
  number = 	 {95}, 
  note =  {[Avaialable from {N}orwegian {M}eteorological {I}nstitute, Postboks 43 Blindern, N-0313 Oslo, Norway]},
  pages = 	 {34},
}

@TechReport{shi:etal:1999,
  author = 	 {Shi, X. B. and B. Hackett and L. P. R{\o}ed},
  title = 	 {Documentation of {DNMI}'s {MICOM} Version, Part 2: Implementation of a {F}low {R}elaxation {S}cheme ({FRS})},
  institution =  {{N}orwegian {M}eteorological {I}nstitute},
  year = 	 {1999},
  type =         {Research Report},
  number = 	 {87}, 
  note =  {[Avaialable from {N}orwegian {M}eteorological {I}nstitute, Postboks 43 Blindern, N-0313 Oslo, Norway]},
}

@Article{shi:etal:2001,
  author = 	 {Shi, X. B. and L. P. R{\o}ed and B. Hackett},
  title = 	 {Variability of the {D}enmark {S}trait overflow: a numerical study},
  journal = 	 {J. Geophys. Res.},
  year = 	 {2001},
  volume = 	 {106},
  pages = 	 {22,277-22,294},
}

@Article{siele:1968,
  author =       {Sielecki, A.},
  year   =       {1968},
  title  =       {An energy-conserving numerical scheme for the solution of the storm surge equations},
  journal=       {Mon. Weather Rev.},
  volume =       {96},
  pages  =       {150-156},
}

@Article{sikir:etal:2009,
  author =       {Sikiric, M. D. and I. Janekovic and M. Kuzmic },
  title =        {A new approach to bathymetry smoothing in sigma-coordinate ocean models},
  journal =      {Ocean Modelling},
  year =         {2009},
  volume =       {29},
  pages =        {128-136},
  doi =          {10.1016/j.ocemod.2009.03.009},
}

@Article{skags:orvik:2002,
  author = 	 {Skagseth, Ø. and K. A. Orvik},
  title = 	 {Identifying fluctuations in the {N}orwegian {A}tlantic {S}lope current by means of empirical orthogonal functions},
  journal = 	 {Cont. Shelf Res.},
  year = 	 {2002},
  volume = 	 {22},
  pages = 	 {547-563},
}

@TechReport{skags:etal:1996,
  author = 	 {Skagseth, Ø. and K. A. Orvik and M. Mork},
  title = 	 {Long-term current measurements in the {S}vinøy {S}ection. {D}ata {R}eport {III}, {M}arch - {A}pril 1996},
  institution =  {Geophysical Institute, University of Bergen, Norway},
  year = 	 {1996},
}

@TechReport{skarb:etal:2011,
  author =	{Skarb{\o}vik, E. and P. St{\aa}lnacke and J. R. Selvik and P. A. Aaker{\o}y and T. H{\o}g{\aa}sen and {\O}. Kaste},
  title =	{Elvetilf{\o}rselsprogrammet ({RID})-20 {\aa}rs overv{\aa}king av tilf{\o}rsler til norske kystomr{\aa}der (1990-2009)},
  volume =	{TA 2857-2011},
  year =	{2011},
  institution =	{Norsk institutt for vannforskning}
}

@Article{skard:svend:2005,
  author = 	 {Skardhamar, J. and H. Svendsen },
  title = 	 {Circulation and shelf-ocean interaction off {N}orth {N}orway},
  journal = 	 {Cont. Shelf Res.},
  year = 	 {2005},
  volume = 	 {25},
  pages = 	 {1541-1560},
}

@Article{skart:olset:1986,
  author = 	 {Skartveit, A. and J.A. Olseth },
  title = 	 {Modelling slope irradiance at high latitudes},
  journal = 	 {Solar Energy },
  year = 	 {1986},
  volume = 	 {36},
  pages = 	 {333-344},
}

@Article{skart:olset:1987,
  author = 	 {Skartveit, A. and J.A. Olseth },
  title = 	 {A model for the diffuse fraction of hourly global radiation.},
  journal = 	 {Solar Energy },
  year = 	 {1987},
  volume = 	 {37},
  pages = 	 {271-274},
}

@TechReport{skoge:1993,
  author = 	 {Skogen, M.D.},
  title = 	 {A {U}ser's guide to {NORWECOM}, The {NORW}egian {ECO}logical {M}odel system.},
  institution =  {Inst. Mar. Res.},
  year = 	 {1993},
  number = 	 {6},
}

@TechReport{skoge:1998,
  author = 	 {Skogen, M.D. and H. S{\o}iland },
  title = 	 {A User's guide to {NORWECOM} v2.0.},
  institution =  {Inst. Mar. Res.},
  year = 	 {1998},
  note = 	 {Fisken og Havet 18},
 }

@Article{skoge:moll:2005,
  author = 	 {Skogen, M. and A. Moll},
  title = 	 {Importance of ocean circulation in ecological modeling: {A}n example from the {N}orth {S}ea},
  journal = 	 {J. Mar. Syst.},
  year = 	 {2005},
  volume = 	 {57},
  pages = 	 {289-300},
}

@Article{smago:1963,
  author =       {Smagorinsky, J.},
  title =        {General circulation experiments with the primitive equations, {I}: The basic experiment},
  journal =      {Mon. wea. Rev.},
  year =         {1963},
  volume =       {91},
  pages =        {99-164},
}

 

@Article{smeds:etal:2013,
  author =	{Smedsrud, L. H. and I. Esau and R. B. Ingvaldsen and T. Eldevik and P. M. Haugan and  C. Li and V. S. Lien and A. Olsen and A. M. Omar and O. H. Otter{\aa} and B. Risebrobakken and A. B. Sand{\o} and V. A. Semenov and S. A. Sorokina},
  title =	{The role of the {B}arents {S}ea in the {A}rctic climate system},
  journal =	{Rev. Geophys.},
  year =	{2013},
  volume =	{51},
  pages =	{415-449},
}

@article{smola:1984,
  author =	{Smolarkiewicz, P. K.},
  title =	{A fully multidimensional positive definite advection transport algorithm with small implicit diffusion},
  journal =	{J. Comp. Phys.},
  year =	{1984},
  volume =	{54},
  number =	{2},
  pages =	{325-362},
  doi =		{10.1016/0021-9991(84)90121-9},
}

@Article{smola:1983,
  author = 	 {Smolarkiewicz, P. K.},
  title = 	 {A simple positive definite advection scheme with small implicit diffusion},
  journal = 	 {Mon. Wea. Rev.},
  year = 	 {1983},
  volume = 	 {111},
  pages = 	 {pp. 479},
}

@Article{smola:margo:1997,
  author = 	 {Smolarkiewicz, P. and L. G. Margolin },
  title = 	 {{MPDATA}: a finite difference solver for geophysical flows},
  journal = 	 {J. Comp. Phys.},
  year = 	 {1997},
  volume = 	 {140},
  pages = 	 {459-480},
}

@Article{soeil:rossb:2013,
  author =	{S{\o}iland, H. and T. Rossby},
  title =	{On the structure of the {L}ofoten {B}asin {E}ddy},
  journal =	{J. Geophys. Res.},
  year =	{2013},
  volume =	{118},
  pages =	{4201-4212},
  doi =	    	{10.1002/jgrc.20301},
}

@Article{song:haidv:1994,
  author = 	 {Song, T. and D. Haidvogel},
  title = 	 {A semi-implicit ocean circulation model using a generalized topography-following coordinate system},
  journal = 	 {J. Comput. Phys.},
  year = 	 {1994},
  volume =	 {115},
  pages =	 {228-244},
}

@Article{sorte:kving:2006,
  author = 	 {Sorteberg, A. and B. Kvingedal},
  title = 	 {Atmospheric Forcing on the {B}arents {S}ea Winter Ice Extent},
  journal = 	 {J. Clim.},
  year = 	 {2006},
  volume =	 {19},
  pages =	 {4772-4784},
}

@Article{spall:2004,
  author = 	 {Spall, M. A.},
  title = 	 {Boundary currents and water mass transformation in marginal seas},
  journal = 	 {J. Phys. Oceanogr.},
  year = 	 {2004},
  volume =	 {34},
  pages =	 {1197-1213},
}

@Article{spall:2010a,
  author = 	 {Spall, M. A.},
  title = 	 {Non-local topographic influences on deep convection: An idealized model for the {N}ordic {S}eas},
  journal = 	 {Ocean Modell.},
  year = 	 {2010},
  volume =	 {32},
  pages =	 {72-85},
}

@Article{spall:2010b,
  author =	{Spall, M. A.},
  title =	{Dynamics of downwelling in an eddy-resolving convective basin},
  journal =	{J. Phys. Oceanogr.},
  year =	{2010},
  volume =	{40},
  pages =	{2341-2347},
  doi =		{10.1175/2010JPO4465.1},
  url = 	{http://dx.doi.org/10.1175/2010JPO4465.1},
}

@MastersThesis{sperr:2008,
  author =       {Sperrevik, A. K.},
  title  =       {The effect of increased freshwater flux on the meriodional overturning circulation of the {N}orth {A}tlantic: {A} numerical study},
  school =       {University of Oslo, Department of Geosciences, Section Meteorology and Oceanography},
  year   =       {2008},
  month  =       {June},
}

@MastersThesis{staal:2005,
  author =       {Staalstr{\o}m, A.},
  title  =       {Volumtransport i {D}røbaksundet og vannstandsendringer i indre {O}slofjord},
  school =       {University of Oslo, Department of Geosciences, Meteorology and Oceanography Section},
  year   =       {2005},
  month  =       {June},
}

@Article{staal:etal:2012,
  author = 	{Staalstr{\o}m, A. and E. Aas and B. Liljebladh},
  title = 	{Propagation and dissipation of internal tides in the {O}slofjord},
  journal = 	{Ocean Sci. Discuss.},
  year = 	{2012},
  volume = 	{9},
  pages =	{315-357},
}
 
@Article{staal:roed:2016,
  author =	{Staalstr{\o}m, A. and L. P. R{\o}ed},
  title =	{Vertical mixing and internal wave energy fluxes in a sill fjord},
  journal =	{Journal of Marine Systems},
  year =	{2016},
  volume =	{159},
  pages =	{15-32},
  doi =		{10.1016/j.marsys.2016.02.005},
}

@Article{stens:etal:2006a,
  author = 	 {Stenseth, N. C. and P. E. Jorde and K.-S. Chan and E. Hansen and H. Knutsen and C. Andr{\'e} and M. D. Skogen and K. Lekve},
  title = 	 {Ecological and genetic impact of {A}tlantic cod larval drift in the {S}kagerrak using a generalized topography-following coordinate system}, 
  journal = 	 {Proc of the Royal Society of Lond.},
  year = 	 {2006},
  volume = 	 {B 273},
  pages = 	 {1085-1092},
}

@Book{stens:etal:2006b,
  editor = 	 {Stenseth, N. C. and Gj{\o}s{\ae}ter and K. Lekve},
  title = 	 {Dynamics of the cod along the {N}orwegian {S}kagerrak coast},  
  publisher = 	 {Blackwell},
  year = 	 {2006},
}

@Article{stens:etal:1999,
  author = 	 {Stenseth, N. C. and O. N. Bj{\o}rnstad and W. Falck and J.-M. Fromentin and J. Gj{\o}s{\ae}ter and J. S. Gray},
  title = 	 {Dynamics of coastal cod populations: intra- and intercohort density dependence and stochastic processes}, 
  journal = 	 {Proc of the Royal Society of Lond.},
  year = 	 {1999},
  volume = 	 {B 266},
  pages = 	 {1085-1092},
}

@Book{stern:1975,
  author = 	 {Stern, M. },
  title = 	 {{O}cean {C}irculation {P}hysics},
  publisher = 	 {Academic Press},
  year = 	 {1975},
  volume = 	 {19},
  series = 	 {{I}nternational {G}eophysics {S}eries},
}

@TechReport{steve:etal:1996,
  author = 	 {Stevens, I. G. and J. S. Johnson and L. P. R{\o}ed and X. B. Shi and P. T. Jacobs and P. A. Davies},
  title = 	 {Final intermodel comparison trials},
  institution =  {{N}orwegian {M}eteorological {I}nstitute},
  year = 	 {1996},
  type =         {MORENA Scientific and Technical Report},
  number = 	 {40}, 
}

@InProceedings{stige:1980, 
  author = 	 {Stigebrandt, A. },
  title = 	 {Barotropic and baroclinic response of a semi-enclosed basin to barotropic forcing of the sea.},
  booktitle =    {Proceedings of the {NATO} conference on fjord oceanography},
  pages = 	 {151-164},
  year = 	 {1980},
  editor = 	 {Freeland, H. J. and D. M. Farmer and C. D. Levings },
  publisher =    {Plenum, New York},
}

@Article{stige:1983,
  author =	{Stigebrandt, A.},
  title =	{A Model for the Exchange of Water and Salt Between the {B}altic and the {S}kagerrak},
  journal =	{J. Phys. Oceanogr.},
  year =	{1983},
  volume =	{13},
  pages =	{411-427},
}

@Article{stige:1984,
  author = 	 {Stigebrandt, A.},
  title = 	 {Analysis of a 89-year long sea level record from the {K}attegat with special reference to the barotropically driven water exchange between the {B}altic and the sea},
  journal = 	 {Tellus, Ser. A },
  year = 	 {1984},
  volume = 	 {36},
  pages = 	 {411-427},
}

@Article{stork:etal:2010,
	author =	{Storkey, D. and E. W. Blockley and R. Furner and C. Guiavarc'h and D. Lea and M. J. Martin and R. M. Barciela and A. Hines and P. Hyder and J. R. Siddorn},
	title =		{Forecasting the ocean state using NEMO: The new FOAM system},
	journal =	{J. Oper. Oceanogr.},
	year =		{2010},
	volume =	{3},
	pages =		{3-15},
}

@Book{stoke:1957,
  author =       {Stoker, J. J.},
  title =        {Water waves: The mathematical theory with applications},
  publisher = 	 {Interscience publishers, Inc., New York},
  year = 	 {1957},
  volume = 	 {IV},
  series = 	 {{P}ure and {A}pplied {M}athematics: {A} series of texts and monographs},
}

@Article{stomm:1948,
  author = 	 {Stommel, H.},
  title = 	 {The westward intensification of wind-driven ocean currents},
  journal = 	 {Trans., American Geophysical Union},
  year = 	 {1948},
  volume = 	 {88},
  pages = 	 {202-206},
}

@TechReport{stowa:2001,
  author = 	 {{STOWASUS}-2100},
  title = 	 {Synthesis of the STOWASUS-2100 project: Regional storm, wave and surge scenarios for the 2100 century},
  institution =  {Danish Climate Centre},
  year = 	 {2001},
  number = 	 {01-3},
} 

@InProceedings{sverd:1947,
  author = 	 {Sverdrup, H. U.},
  title = 	 {Wind-driven currents in a baroclinic ocean; with application to the equatorial currents of the eastern Pacific},
  booktitle =    {Proceedings of the National Academy of Sciences of the USA},
  year = 	 {1947},
  volume = 	 {33},
  pages = 	 {318-326},
}

@Article{sunds:elviu:1979,
  author =	{Sundstr{\"o}m, A. and T. Elvius},
  title =	{Computational problems related to limited-area modeling},
  journal =	{GARP Publication Series},
  year =	{1979},
  volume =	{17},
  pages =	{11},
}

@Article{sutcl:1947,
  author =	{Sutcliffe, R. C.},
  title =	{A contribution to the problem of development},
  journal =	{Quart. J. Roy. Meteor. Soc.},
  year =	{1947},
  volume =	{73},
  pages =	{370-383},
}

@Misc{swamp:1985,
  author =	{{SWAMP} Group},
  title =	{Ocean {W}ave {M}odelling},
  year =	{1985},
  note =	{Plenum Press},
}

%%%%%%%%%%%%%%%%%%%%%%%%%%%%%%%%% T %%%%%%%%%%%%%%%%%%%%%%%%%%%%%%%%%%%%%%%%
@Article{tchud:etal:2001,
  author =	{Tschudi, M. and J.A. Curry and J.M. Maslanik},
  title =	{Airborne observations of summertime surface features and their effect on surface albedo during {FIRE}/{SHEBA}},
  journal =	{J. Geophys. Res.},
  year =	{2001},
  volume =	{106},
  number =	{D10},
  pages =	{15,335-15,344},
}

@Article{tregu:etal:1997,
  author =	{Treguier, A. M. and I. M. Held and V. D. Larichev},
  title =	{Parameterization of quasigestrophic eddies in primitive equation ocean models},
  journal =	{J. Phys. Oceanogr.},
  year =	{1997},
  volume =	{27},
  pages =	{567-580},
}

@Article{turrell:1995,
  author =	{Turrell, B.},
  title =	{A century of hydrographic observations in the Faroe-Shetland Channel},
  journal =	{Ocean Challenge},
  year =	{1995},
  volume =	{6},
  pages =	{58-63},
}

@Article{turrell_03,
  author =	{Turrell, W. R. and B. Hansen and S. Hughes and S. {\O}sterhus},
  title =	{Hydrographic variability during the decade of the 1990's in the northeastern {A}tlantic and southern {N}orwegian {S}ea},
  journal = {ICES}, 
  year =	{2003},
  volume = 	{CM 2003 Mar. Sci. Symp.}, 
}

@Article{turrell:etal:2003,
  author =	{Turrell, W. R. and B. Hansen and S. Hughes and S. {\O}sterhus},
  title =	{Hydrographic variability during the decade of the 1990's in the northeastern {A}tlantic and southern {N}orwegian {S}ea},
  journal = {ICES}, 
  year =	{2003},
  volume = 	{CM 2003 Mar. Sci. Symp.}, 
}

%%%%%%%%%%%%%%%%%%%%%%%%%%%%%%%%% U %%%%%%%%%%%%%%%%%%%%%%%%%%%%%%%%%%%%%%%%
@TechReport{Ulsta:enged:1997,
  author = 	 {Ulstad, C., and H. Engedahl },
  title = 	 {Simulating the sea surface topography and currents in {S}kagerrak with a three-dimensional numerical ocean model},
  institution =  {Norwegian Meteorological Institute},
  year = 	 {1997},
  type = 	 {Research Note},
  number = 	 {3},
}

@Article{umlau:burch:2003,
  author =       {Umlauf, L. and H. Burchard},
  title =        {A generic length-scale equation for geophysical turbulence models},
  journal =      {J. Marine Res.},
  year =         {2003},
  volume =       {61},
  pages =        {235-265}
}

@TechReport{unden:etal:2002,
  author = 	 {Und{\'e}n, P. and L. Ronto and H. J{\"a}rvinen and P. Lynch and J. Calvo and co-authors},
  title = 	 {HIRLAM-5 Scientific Documentation},
  institution =  {HIRLAM-5 project, c/o Per Und{\'e}n SMHI, S-60176 Norrk{\"o}ping, Sweden},
  year = 	 {2002},
}

%%%%%%%%%%%%%%%%%%%%%%%%%%%%%%%%% V %%%%%%%%%%%%%%%%%%%%%%%%%%%%%%%%%%%%%%%%
@Article{visbe:etal:1997,
  author =       {Visbeck, M. and J. Marshall and T. Haines and M. Spall},
  title =        {On the specification of eddy transfer coefficients in coarse-resolution ocean circulation models},
  journal =      {J. Phys. Oceanogr.},
  year =         1997,
  volume =       27,
  pages =        {381-402},
}


%%%%%%%%%%%%%%%%%%%%%%%%%%%%%%%%% W %%%%%%%%%%%%%%%%%%%%%%%%%%%%%%%%%%%%%%%%
@Article{wajso:1986,
  author =       {Wajsowicz, R. C.},
  title =        {Free planetary waves in finite-difference numerical models},
  journal =      {J. Phys. Oceanogr.},
  year =         {1986},
  volume =       {16},
  pages =        { 773-789},
}

@Article{wamdi:1988,
  author =       {WAMDI},
  title =        {The WAM model - A third generation ocean wave prediction model}, 
  journal =      {J. Phys. Oceanogr.},
  year =         {1988},
  volume =       {18},
  pages =        {1775-1810},
}

@Article{warne:etal:2005,
  author =       {Warner, J. C. and C.R. Sherwood and H.G. Arango and R.P. Signell},
  title =        {Performance of Four Turbulence Closure Methods
                  Implemented Using a Generic Length Scale Method},
  journal =      {Ocean Modelling},
  year =         {2005},
  volume =       {8},
  pages =        {81-113},
}

@article{warne:etal:2010,
  author = 	"Warner, J. C. and B. Armstrong and R. He and J. B. Zambon",
  title = 	"Development of a Coupled Ocean-Atmosphere-Wave-Sediment Transport (COAWST) Modeling System ",
  journal = 	"Ocean Modelling ",
  volume = 	"35",
  number = 	"3",
  pages = 	"230-244",
  year = 	"2010",
  note = 	"",
  issn = 	"1463-5003",
  doi = 	"http://dx.doi.org/10.1016/j.ocemod.2010.07.010",
  url = 	"http://www.sciencedirect.com/science/article/pii/S1463500310001113",
}
@Article{WASA:1998,
  author =       {WASA, Group},
  title =        {Changing waves and storms in the northeast {A}tlantic?}, 
  journal =      {Bull. Am. Meteorol. Soc.},
  year =         {1998},
  volume =       {79},
  pages =        {741-760},
}

@Article{wettr:2005,
  author =       {Wettre, C.},
  title =        {Sensitivity of a global coupled model to momentum flux parameterizations},
  journal =      {in preparation},
  year =         {2005},
}

@Article{wilso:willi:2004,
  author =       {Wilson, C. and R. G. Williams},
  title =        {Why are eddy fluxes of potential vorticity difficult to parameterize?},
  journal =      {J. Phys. Oceanogr.},
  year =         {2004},
  volume =       {34},
  pages =        {142-155},
}

@Article{wille:etal:2001,
  author =       {Willebrand, J. and B. Barnier and C. Böning and C. Dieterich and P. D. Killworth and C. Le Provost and Y. Jia and J.-M. Molines and A. L. New},
  title =        {Circulation characteristics in three eddy-permitting models of the North Atlantic},
  journal =      {Prog. in Oceanogr.},
  year =         {2001},
  volume =       {48},
  pages =        {123-161},
}

@Article{winth:etal:2007,
  author = {Winther, N. G. and Y. G. Morel and G. Evensen},
  title = {Efficiency of high order numerical schemes for momentum advection},
  journal = {J. Mar. Syst.},
  volume = {67},
  number = {1–2},
  pages = {31-460},
  year = {2007},
}

@Article{wunsc:1975,
  author =       {Wunsch, C.},
  title =        {Internal tides in the ocean},
  journal =      {Rev. Geophys.},
  year =         {1975},
  volume =       {13},
  pages =        {167-182},
}

@Article{wunsc:ferra:2004,
  author =       {Wunsch, C. and R. Ferrari},
  title =        {Vertical mixing, energy, and the general circulation of the oceans},
  journal =      {Annu. Rev. Fluid Mech.},
  year =         {2004},
  volume =       {36},
  pages =        {281-314},
  doi =          {10.1146/annurev.fluid.36.050802.122121},
}


%%%%%%%%%%%%%%%%%%%%%%%%%%%%%%%%% X %%%%%%%%%%%%%%%%%%%%%%%%%%%%%%%%%%%%%%%%

%%%%%%%%%%%%%%%%%%%%%%%%%%%%%%%%% Y %%%%%%%%%%%%%%%%%%%%%%%%%%%%%%%%%%%%%%%%
@Article{yoshi:1959,
  author = 	 {Yoshida, K. },
  title = 	 {A theory of the {C}romwell current and of equatorial upwelling},
  journal = 	 {J. Oceanogr. Soc. Japan},
  year = 	 {1959},
  volume = 	 {15},
  pages = 	 {154-170},
}

﻿@article {Yeage:etal:2015,
  author = 	{Yeager, S. G. and A. R. Karspeck and G. Danabasoglu},
  title = 	{Predicted slowdown in the rate of Atlantic sea ice loss},
  journal = 	{Geophysical Research Letters},
  year = 	{2015},
  volume = 	{42},
  number = 	{24},
  pages = 	{10,704--10,713},
  issn = 	{1944-8007},
  url = 	{http://dx.doi.org/10.1002/2015GL065364},
  doi = 	{10.1002/2015GL065364},
}

%%%%%%%%%%%%%%%%%%%%%%%%%%%%%%%%% Z %%%%%%%%%%%%%%%%%%%%%%%%%%%%%%%%%%%%%%%%

%%%%%%%%%%%%%%%%%%%%%%%%%%%%%%%%% Æ %%%%%%%%%%%%%%%%%%%%%%%%%%%%%%%%%%%%%%%%

%%%%%%%%%%%%%%%%%%%%%%%%%%%%%%%%% Ø %%%%%%%%%%%%%%%%%%%%%%%%%%%%%%%%%%%%%%%%

@Article{osterhus_etal_05,
  author = 	{{\O}sterhus, S. and W. R. Turrell and S. J{\o}nsson and B. Hansen},
  title =	{Measured volume, heat and salt fluxes from the {A}tlantic to the {A}rctic {M}editerranean},
  journal = 	{Geophys. Res. Lett.}, 
  volume =	{32}, 
  pages =	{L07603}, 
  year =	{2005},
}

@Article{osterhus:etal:2005,
  author = 	{{\O}sterhus, S. and W. R. Turrell and S. J{\o}nsson and B. Hansen},
  title =	{Measured volume, heat and salt fluxes from the {A}tlantic to the {A}rctic {M}editerranean},
  journal = 	{Geophys. Res. Lett.}, 
  volume =	{32}, 
  pages =	{L07603}, 
  year =	{2005},
}

%%%%%%%%%%%%%%%%%%%%%%%%%%%%%%%%% Å %%%%%%%%%%%%%%%%%%%%%%%%%%%%%%%%%%%%%%%%
@InCollection{aadla:budge:2003,
  author =       {{\AA}dlandsvik, B. and W. P. Budgell},
  title =        {Adapting the Regional Ocean Model System for dynamic
                  downscaling},
  booktitle =    {RegClim General Technical Report},
  pages =        {49--57},
  publisher =    {Norwegian Meteorological Institute},
  year =         {2003},
  editor =       {T. Iversen and M. Lystad},
  volume =       {7},
}
@Article{aas:endre:1999,
  author =       {Aas, E. and Ø. Endresen},
  year   =       {1999},
  title  =       {Accuracy of simplified transport estimations in narrow sea straits},
  journal=       {Germ. J. Hydrogr.},
  volume =       {51},
  pages  =       {441-451},
}


